<!DOCTYPE html>
<meta charset="utf-8" />
<!-- version 1 -->
<title>[Gen 3] Hoenn Gaiden replay: bynum vs. voyagar</title>
<style>
html,body {font-family:Verdana, sans-serif;font-size:10pt;margin:0;padding:0;}body{padding:12px 0;} .battle-log {font-family:Verdana, sans-serif;font-size:10pt;} .battle-log-inline {border:1px solid #AAAAAA;background:#EEF2F5;color:black;max-width:640px;margin:0 auto 80px;padding-bottom:5px;} .battle-log .inner {padding:4px 8px 0px 8px;} .battle-log .inner-preempt {padding:0 8px 4px 8px;} .battle-log .inner-after {margin-top:0.5em;} .battle-log h2 {margin:0.5em -8px;padding:4px 8px;border:1px solid #AAAAAA;background:#E0E7EA;border-left:0;border-right:0;font-family:Verdana, sans-serif;font-size:13pt;} .battle-log .chat {vertical-align:middle;padding:3px 0 3px 0;font-size:8pt;} .battle-log .chat strong {color:#40576A;} .battle-log .chat em {padding:1px 4px 1px 3px;color:#000000;font-style:normal;} .chat.mine {background:rgba(0,0,0,0.05);margin-left:-8px;margin-right:-8px;padding-left:8px;padding-right:8px;} .spoiler {color:#BBBBBB;background:#BBBBBB;padding:0px 3px;} .spoiler:hover, .spoiler:active, .spoiler-shown {color:#000000;background:#E2E2E2;padding:0px 3px;} .spoiler a {color:#BBBBBB;} .spoiler:hover a, .spoiler:active a, .spoiler-shown a {color:#2288CC;} .chat code, .chat .spoiler:hover code, .chat .spoiler:active code, .chat .spoiler-shown code {border:1px solid #C0C0C0;background:#EEEEEE;color:black;padding:0 2px;} .chat .spoiler code {border:1px solid #CCCCCC;background:#CCCCCC;color:#CCCCCC;} .battle-log .rated {padding:3px 4px;} .battle-log .rated strong {color:white;background:#89A;padding:1px 4px;border-radius:4px;} .spacer {margin-top:0.5em;} .message-announce {background:#6688AA;color:white;padding:1px 4px 2px;} .message-announce a, .broadcast-green a, .broadcast-blue a, .broadcast-red a {color:#DDEEFF;} .broadcast-green {background-color:#559955;color:white;padding:2px 4px;} .broadcast-blue {background-color:#6688AA;color:white;padding:2px 4px;} .infobox {border:1px solid #6688AA;padding:2px 4px;} .infobox-limited {max-height:200px;overflow:auto;overflow-x:hidden;} .broadcast-red {background-color:#AA5544;color:white;padding:2px 4px;} .message-learn-canlearn {font-weight:bold;color:#228822;text-decoration:underline;} .message-learn-cannotlearn {font-weight:bold;color:#CC2222;text-decoration:underline;} .message-effect-weak {font-weight:bold;color:#CC2222;} .message-effect-resist {font-weight:bold;color:#6688AA;} .message-effect-immune {font-weight:bold;color:#666666;} .message-learn-list {margin-top:0;margin-bottom:0;} .message-throttle-notice, .message-error {color:#992222;} .message-overflow, .chat small.message-overflow {font-size:0pt;} .message-overflow::before {font-size:9pt;content:'...';} .subtle {color:#3A4A66;}
</style>
<div class="wrapper replay-wrapper" style="max-width:1180px;margin:0 auto">
<input type="hidden" name="replayid" value="dragonheaven-gen3hoenngaiden-14-eqyw2kqw151oi62qid4dfi0syrvet3npw" />
<div class="battle"></div><div class="battle-log"></div><div class="replay-controls"></div><div class="replay-controls-2"></div>
<h1 style="font-weight:normal;text-align:center"><strong>[Gen 3] Hoenn Gaiden</strong><br /><a href="http://pokemonshowdown.com/users/bynum" class="subtle" target="_blank">bynum</a> vs. <a href="http://pokemonshowdown.com/users/voyagar" class="subtle" target="_blank">voyagar</a></h1>
<script type="text/plain" class="battle-log-data">|raw|<div class="broadcast-red"><strong>This battle is invite-only!<\/strong><br \/>Users must be invited with <code>\/invite<\/code> (or be staff) to join<\/div>
|j|☆bynum
|j|☆voyagar

|t:|1653847114
|player|p1|bynum|schoolboy-gen2|
|player|p2|voyagar|1|
|teamsize|p1|6
|teamsize|p2|6
|gametype|singles
|gen|3
|tier|[Gen 3] Hoenn Gaiden
|rule|Sleep Clause Mod: Limit one foe put to sleep
|rule|Switch Priority Clause Mod: Faster Pokémon switch first
|rule|Species Clause: Limit one of each Pokémon
|rule|OHKO Clause: OHKO moves are banned
|rule|Moody Clause: Moody is banned
|rule|Evasion Moves Clause: Evasion moves are banned
|rule|Endless Battle Clause: Forcing endless battles is banned
|rule|HP Percentage Mod: HP is shown in percentages
|raw|<img src="https:\/\/cdn.discordapp.com\/attachments\/510822010922860545\/864665757446045716\/Hoenn_Gaiden_Banner.png" height="213" width="381">
|-message|Welcome to Hoenn Gaiden!
|-message|This is a [Gen 3] OU-based format where we add later generation Pokemon, items, moves, and abilities, as well as change up existing ones!
|-message|You can find our thread and metagame resources here:
|-message|https:\/\/www.smogon.com\/forums\/threads\/hoenn-gaiden-pet-mod-of-the-season-slate-8-concept-voting.3681339\/
|
|t:|1653847115
|start
|switch|p1a: Moltres|Moltres|100\/100
|switch|p2a: Metagross|Metagross|331\/331
|-start|p1a: Moltres|typechange|Fire\/Flying|[silent]
|raw|<ul class="utilichart"><li class="result"><span class="col pokemonnamecol" style="white-space: nowrap">Moltres<\/span> <span class="col typecol"><img src="https:\/\/dragonheaven.herokuapp.com\/sprites\/types\/Fire.png" alt="Fire" height="14" width="32"><img src="https:\/\/dragonheaven.herokuapp.com\/sprites\/types\/Flying.png" alt="Flying" height="14" width="32"><\/span> <span style="float: left ; min-height: 26px"><span class="col abilitycol">Pressure<\/span><span class="col abilitycol"><\/span><\/span><\/li><li style="clear: both"><\/li><\/ul>
|raw|<ul class="utilichart"><li class="result"><span style="float: left ; min-height: 26px"><span class="col statcol"><em>HP<\/em><br>90<\/span> <span class="col statcol"><em>Atk<\/em><br>100<\/span> <span class="col statcol"><em>Def<\/em><br>90<\/span> <span class="col statcol"><em>SpA<\/em><br>125<\/span> <span class="col statcol"><em>SpD<\/em><br>85<\/span> <span class="col statcol"><em>Spe<\/em><br>90<\/span> <\/span><\/li><li style="clear: both"><\/li><\/ul>
|-start|p2a: Metagross|typechange|Steel\/Psychic|[silent]
|raw|<ul class="utilichart"><li class="result"><span class="col pokemonnamecol" style="white-space: nowrap">Metagross<\/span> <span class="col typecol"><img src="https:\/\/dragonheaven.herokuapp.com\/sprites\/types\/Steel.png" alt="Steel" height="14" width="32"><img src="https:\/\/dragonheaven.herokuapp.com\/sprites\/types\/Psychic.png" alt="Psychic" height="14" width="32"><\/span> <span style="float: left ; min-height: 26px"><span class="col abilitycol">Clear Body<\/span><span class="col abilitycol"><\/span><\/span><\/li><li style="clear: both"><\/li><\/ul>
|raw|<ul class="utilichart"><li class="result"><span style="float: left ; min-height: 26px"><span class="col statcol"><em>HP<\/em><br>80<\/span> <span class="col statcol"><em>Atk<\/em><br>135<\/span> <span class="col statcol"><em>Def<\/em><br>130<\/span> <span class="col statcol"><em>SpA<\/em><br>95<\/span> <span class="col statcol"><em>SpD<\/em><br>90<\/span> <span class="col statcol"><em>Spe<\/em><br>70<\/span> <\/span><\/li><li style="clear: both"><\/li><\/ul>
|turn|1
|raw|<div class="broadcast-blue"><strong>This room is no longer invite only!<\/strong><br \/>Anyone may now join.<\/div>
|c|☆bynum|\/log bynum turned off modjoin.
|c|☆bynum|hf
|c|☆voyagar|u2
|
|t:|1653847150
|switch|p2a: Tyranitar|Tyranitar, F|387\/387
|-start|p2a: Tyranitar|typechange|Rock\/Dark|[silent]
|raw|<ul class="utilichart"><li class="result"><span class="col pokemonnamecol" style="white-space: nowrap">Tyranitar<\/span> <span class="col typecol"><img src="https:\/\/dragonheaven.herokuapp.com\/sprites\/types\/Rock.png" alt="Rock" height="14" width="32"><img src="https:\/\/dragonheaven.herokuapp.com\/sprites\/types\/Dark.png" alt="Dark" height="14" width="32"><\/span> <span style="float: left ; min-height: 26px"><span class="col abilitycol">Sand Stream<\/span><span class="col abilitycol"><\/span><\/span><\/li><li style="clear: both"><\/li><\/ul>
|raw|<ul class="utilichart"><li class="result"><span style="float: left ; min-height: 26px"><span class="col statcol"><em>HP<\/em><br>100<\/span> <span class="col statcol"><em>Atk<\/em><br>134<\/span> <span class="col statcol"><em>Def<\/em><br>110<\/span> <span class="col statcol"><em>SpA<\/em><br>95<\/span> <span class="col statcol"><em>SpD<\/em><br>100<\/span> <span class="col statcol"><em>Spe<\/em><br>61<\/span> <\/span><\/li><li style="clear: both"><\/li><\/ul>
|-weather|Sandstorm|[from] ability: Sand Stream|[of] p2a: Tyranitar
|move|p1a: Moltres|Will-O-Wisp|p2a: Tyranitar
|-status|p2a: Tyranitar|brn
|-enditem|p2a: Tyranitar|Lum Berry|[eat]
|-curestatus|p2a: Tyranitar|brn|[msg]
|
|-weather|Sandstorm|[upkeep]
|-damage|p1a: Moltres|94\/100|[from] Sandstorm
|-heal|p1a: Moltres|100\/100|[from] item: Leftovers
|upkeep
|turn|2
|j|+Clastia
|
|t:|1653847201
|switch|p1a: Metagross|Metagross|100\/100
|-start|p1a: Metagross|typechange|Steel\/Psychic|[silent]
|raw|<ul class="utilichart"><li class="result"><span class="col pokemonnamecol" style="white-space: nowrap">Metagross<\/span> <span class="col typecol"><img src="https:\/\/dragonheaven.herokuapp.com\/sprites\/types\/Steel.png" alt="Steel" height="14" width="32"><img src="https:\/\/dragonheaven.herokuapp.com\/sprites\/types\/Psychic.png" alt="Psychic" height="14" width="32"><\/span> <span style="float: left ; min-height: 26px"><span class="col abilitycol">Clear Body<\/span><span class="col abilitycol"><\/span><\/span><\/li><li style="clear: both"><\/li><\/ul>
|raw|<ul class="utilichart"><li class="result"><span style="float: left ; min-height: 26px"><span class="col statcol"><em>HP<\/em><br>80<\/span> <span class="col statcol"><em>Atk<\/em><br>135<\/span> <span class="col statcol"><em>Def<\/em><br>130<\/span> <span class="col statcol"><em>SpA<\/em><br>95<\/span> <span class="col statcol"><em>SpD<\/em><br>90<\/span> <span class="col statcol"><em>Spe<\/em><br>70<\/span> <\/span><\/li><li style="clear: both"><\/li><\/ul>
|move|p2a: Tyranitar|Crunch|p1a: Metagross
|-damage|p1a: Metagross|58\/100
|
|-weather|Sandstorm|[upkeep]
|upkeep
|turn|3
|j| DuckeryDoodle
|
|t:|1653847222
|switch|p2a: Skarmory|Skarmory, M|310\/310
|-start|p2a: Skarmory|typechange|Steel\/Flying|[silent]
|raw|<ul class="utilichart"><li class="result"><span class="col pokemonnamecol" style="white-space: nowrap">Skarmory<\/span> <span class="col typecol"><img src="https:\/\/dragonheaven.herokuapp.com\/sprites\/types\/Steel.png" alt="Steel" height="14" width="32"><img src="https:\/\/dragonheaven.herokuapp.com\/sprites\/types\/Flying.png" alt="Flying" height="14" width="32"><\/span> <span style="float: left ; min-height: 26px"><span class="col abilitycol">Keen Eye \/ Sturdy<\/span><span class="col abilitycol"><\/span><\/span><\/li><li style="clear: both"><\/li><\/ul>
|raw|<ul class="utilichart"><li class="result"><span style="float: left ; min-height: 26px"><span class="col statcol"><em>HP<\/em><br>65<\/span> <span class="col statcol"><em>Atk<\/em><br>80<\/span> <span class="col statcol"><em>Def<\/em><br>140<\/span> <span class="col statcol"><em>SpA<\/em><br>40<\/span> <span class="col statcol"><em>SpD<\/em><br>70<\/span> <span class="col statcol"><em>Spe<\/em><br>70<\/span> <\/span><\/li><li style="clear: both"><\/li><\/ul>
|move|p1a: Metagross|Earthquake|p2a: Skarmory
|-immune|p2a: Skarmory
|
|-weather|Sandstorm|[upkeep]
|upkeep
|turn|4
|c| DuckeryDoodle|LGI BYNUM!!!
|
|t:|1653847228
|switch|p1a: Moltres|Moltres|100\/100
|-start|p1a: Moltres|typechange|Fire\/Flying|[silent]
|move|p2a: Skarmory|Spikes|p1a: Moltres
|-sidestart|p1: bynum|Spikes
|
|-weather|Sandstorm|[upkeep]
|-damage|p1a: Moltres|94\/100|[from] Sandstorm
|-heal|p1a: Moltres|100\/100|[from] item: Leftovers
|upkeep
|turn|5
|
|t:|1653847234
|switch|p2a: Tyranitar|Tyranitar, F|387\/387
|-start|p2a: Tyranitar|typechange|Rock\/Dark|[silent]
|move|p1a: Moltres|Fire Blast|p2a: Tyranitar
|-resisted|p2a: Tyranitar
|-damage|p2a: Tyranitar|288\/387
|
|-weather|Sandstorm|[upkeep]
|-damage|p1a: Moltres|94\/100|[from] Sandstorm
|-heal|p1a: Moltres|100\/100|[from] item: Leftovers
|upkeep
|turn|6
|
|t:|1653847243
|move|p1a: Moltres|Hidden Power|p2a: Tyranitar
|-supereffective|p2a: Tyranitar
|-damage|p2a: Tyranitar|126\/387
|move|p2a: Tyranitar|Rock Slide|p1a: Moltres
|-supereffective|p1a: Moltres
|-damage|p1a: Moltres|0 fnt
|faint|p1a: Moltres
|
|t:|1653847252
|switch|p1a: Metagross|Metagross|58\/100
|-damage|p1a: Metagross|45\/100|[from] Spikes
|-start|p1a: Metagross|typechange|Steel\/Psychic|[silent]
|
|-weather|Sandstorm|[upkeep]
|upkeep
|turn|7
|
|t:|1653847259
|move|p1a: Metagross|Meteor Mash|p2a: Tyranitar
|-supereffective|p2a: Tyranitar
|-damage|p2a: Tyranitar|0 fnt
|faint|p2a: Tyranitar
|
|t:|1653847264
|switch|p2a: Skarmory|Skarmory, M|310\/310
|-start|p2a: Skarmory|typechange|Steel\/Flying|[silent]
|
|-weather|Sandstorm|[upkeep]
|upkeep
|turn|8
|
|t:|1653847267
|switch|p1a: Gengar|Gengar, F|100\/100
|-start|p1a: Gengar|typechange|Ghost\/Poison|[silent]
|raw|<ul class="utilichart"><li class="result"><span class="col pokemonnamecol" style="white-space: nowrap">Gengar<\/span> <span class="col typecol"><img src="https:\/\/dragonheaven.herokuapp.com\/sprites\/types\/Ghost.png" alt="Ghost" height="14" width="32"><img src="https:\/\/dragonheaven.herokuapp.com\/sprites\/types\/Poison.png" alt="Poison" height="14" width="32"><\/span> <span style="float: left ; min-height: 26px"><span class="col abilitycol">Levitate<\/span><span class="col abilitycol"><\/span><\/span><\/li><li style="clear: both"><\/li><\/ul>
|raw|<ul class="utilichart"><li class="result"><span style="float: left ; min-height: 26px"><span class="col statcol"><em>HP<\/em><br>60<\/span> <span class="col statcol"><em>Atk<\/em><br>65<\/span> <span class="col statcol"><em>Def<\/em><br>60<\/span> <span class="col statcol"><em>SpA<\/em><br>130<\/span> <span class="col statcol"><em>SpD<\/em><br>75<\/span> <span class="col statcol"><em>Spe<\/em><br>110<\/span> <\/span><\/li><li style="clear: both"><\/li><\/ul>
|move|p2a: Skarmory|Spikes|p1a: Gengar
|-sidestart|p1: bynum|Spikes
|
|-weather|Sandstorm|[upkeep]
|-damage|p1a: Gengar|94\/100|[from] Sandstorm
|-heal|p1a: Gengar|100\/100|[from] item: Leftovers
|upkeep
|turn|9
|
|t:|1653847277
|move|p1a: Gengar|Thunderbolt|p2a: Skarmory
|-supereffective|p2a: Skarmory
|-damage|p2a: Skarmory|112\/310
|move|p2a: Skarmory|Drill Peck|p1a: Gengar
|-damage|p1a: Gengar|55\/100
|
|-weather|Sandstorm|[upkeep]
|-damage|p1a: Gengar|49\/100|[from] Sandstorm
|-heal|p1a: Gengar|55\/100|[from] item: Leftovers
|-heal|p2a: Skarmory|131\/310|[from] item: Leftovers
|upkeep
|turn|10
|
|t:|1653847284
|switch|p2a: Metagross|Metagross|331\/331
|-start|p2a: Metagross|typechange|Steel\/Psychic|[silent]
|move|p1a: Gengar|Will-O-Wisp|p2a: Metagross
|-status|p2a: Metagross|brn
|
|-weather|Sandstorm|[upkeep]
|-damage|p1a: Gengar|49\/100|[from] Sandstorm
|-heal|p1a: Gengar|55\/100|[from] item: Leftovers
|-damage|p2a: Metagross|290\/331 brn|[from] brn
|upkeep
|turn|11
|j|+analysis geek
|
|t:|1653847294
|switch|p1a: Metagross|Metagross|45\/100
|-start|p1a: Metagross|typechange|Steel\/Psychic|[silent]
|-damage|p1a: Metagross|29\/100|[from] Spikes
|move|p2a: Metagross|Meteor Mash|p1a: Metagross|[miss]
|-miss|p2a: Metagross|p1a: Metagross
|
|-weather|Sandstorm|[upkeep]
|-damage|p2a: Metagross|249\/331 brn|[from] brn
|upkeep
|turn|12
|c|☆voyagar|._.
|j|+rezzo64
|
|t:|1653847314
|move|p2a: Metagross|Meteor Mash|p1a: Metagross
|-resisted|p1a: Metagross
|-crit|p1a: Metagross
|-damage|p1a: Metagross|0 fnt
|faint|p1a: Metagross
|
|t:|1653847325
|switch|p1a: Snorlax|Snorlax, M|100\/100
|-damage|p1a: Snorlax|84\/100|[from] Spikes
|-start|p1a: Snorlax|typechange|Normal|[silent]
|raw|<ul class="utilichart"><li class="result"><span class="col pokemonnamecol" style="white-space: nowrap">Snorlax<\/span> <span class="col typecol"><img src="https:\/\/dragonheaven.herokuapp.com\/sprites\/types\/Normal.png" alt="Normal" height="14" width="32"><\/span> <span style="float: left ; min-height: 26px"><span class="col abilitycol">Immunity \/ Thick Fat<\/span><span class="col abilitycol"><\/span><\/span><\/li><li style="clear: both"><\/li><\/ul>
|raw|<ul class="utilichart"><li class="result"><span style="float: left ; min-height: 26px"><span class="col statcol"><em>HP<\/em><br>160<\/span> <span class="col statcol"><em>Atk<\/em><br>110<\/span> <span class="col statcol"><em>Def<\/em><br>65<\/span> <span class="col statcol"><em>SpA<\/em><br>65<\/span> <span class="col statcol"><em>SpD<\/em><br>110<\/span> <span class="col statcol"><em>Spe<\/em><br>30<\/span> <\/span><\/li><li style="clear: both"><\/li><\/ul>
|
|-weather|Sandstorm|[upkeep]
|-damage|p1a: Snorlax|78\/100|[from] Sandstorm
|-damage|p2a: Metagross|208\/331 brn|[from] brn
|upkeep
|turn|13
|
|t:|1653847329
|switch|p2a: Skarmory|Skarmory, M|131\/310
|-start|p2a: Skarmory|typechange|Steel\/Flying|[silent]
|move|p1a: Snorlax|Earthquake|p2a: Skarmory
|-immune|p2a: Skarmory
|
|-weather|Sandstorm|[upkeep]
|-damage|p1a: Snorlax|72\/100|[from] Sandstorm
|-heal|p2a: Skarmory|150\/310|[from] item: Leftovers
|upkeep
|turn|14
|
|t:|1653847333
|switch|p1a: Gengar|Gengar, F|55\/100
|-start|p1a: Gengar|typechange|Ghost\/Poison|[silent]
|move|p2a: Skarmory|Spikes|p1a: Gengar
|-sidestart|p1: bynum|Spikes
|
|-weather|Sandstorm|[upkeep]
|-damage|p1a: Gengar|49\/100|[from] Sandstorm
|-heal|p1a: Gengar|55\/100|[from] item: Leftovers
|-heal|p2a: Skarmory|169\/310|[from] item: Leftovers
|upkeep
|turn|15
|
|t:|1653847338
|switch|p2a: Metagross|Metagross|208\/331 brn
|-start|p2a: Metagross|typechange|Steel\/Psychic|[silent]
|move|p1a: Gengar|Thunderbolt|p2a: Metagross
|-damage|p2a: Metagross|81\/331 brn
|
|-weather|Sandstorm|[upkeep]
|-damage|p1a: Gengar|49\/100|[from] Sandstorm
|-heal|p1a: Gengar|55\/100|[from] item: Leftovers
|-damage|p2a: Metagross|40\/331 brn|[from] brn
|upkeep
|turn|16
|
|t:|1653847342
|move|p1a: Gengar|Thunderbolt|p2a: Metagross
|-damage|p2a: Metagross|0 fnt
|faint|p2a: Metagross
|
|t:|1653847344
|switch|p2a: Aerodactyl|Aerodactyl, M|302\/302
|-start|p2a: Aerodactyl|typechange|Rock\/Flying|[silent]
|raw|<ul class="utilichart"><li class="result"><span class="col pokemonnamecol" style="white-space: nowrap">Aerodactyl<\/span> <span class="col typecol"><img src="https:\/\/dragonheaven.herokuapp.com\/sprites\/types\/Rock.png" alt="Rock" height="14" width="32"><img src="https:\/\/dragonheaven.herokuapp.com\/sprites\/types\/Flying.png" alt="Flying" height="14" width="32"><\/span> <span style="float: left ; min-height: 26px"><span class="col abilitycol">Rock Head \/ Pressure<\/span><span class="col abilitycol"><\/span><\/span><\/li><li style="clear: both"><\/li><\/ul>
|raw|<ul class="utilichart"><li class="result"><span style="float: left ; min-height: 26px"><span class="col statcol"><em>HP<\/em><br>80<\/span> <span class="col statcol"><em>Atk<\/em><br>105<\/span> <span class="col statcol"><em>Def<\/em><br>65<\/span> <span class="col statcol"><em>SpA<\/em><br>60<\/span> <span class="col statcol"><em>SpD<\/em><br>75<\/span> <span class="col statcol"><em>Spe<\/em><br>130<\/span> <\/span><\/li><li style="clear: both"><\/li><\/ul>
|
|-weather|Sandstorm|[upkeep]
|-damage|p1a: Gengar|49\/100|[from] Sandstorm
|-heal|p1a: Gengar|55\/100|[from] item: Leftovers
|upkeep
|turn|17
|j|~piikiki4
|
|t:|1653847349
|switch|p1a: Crabominable|Crabominable, M|100\/100
|-damage|p1a: Crabominable|76\/100|[from] Spikes
|-start|p1a: Crabominable|typechange|Fighting\/Ice|[silent]
|raw|<ul class="utilichart"><li class="result"><span class="col pokemonnamecol" style="white-space: nowrap">Crabominable<\/span> <span class="col typecol"><img src="https:\/\/dragonheaven.herokuapp.com\/sprites\/types\/Fighting.png" alt="Fighting" height="14" width="32"><img src="https:\/\/dragonheaven.herokuapp.com\/sprites\/types\/Ice.png" alt="Ice" height="14" width="32"><\/span> <span style="float: left ; min-height: 26px"><span class="col abilitycol">Fur Coat \/ Ice Body<\/span><span class="col abilitycol"><\/span><\/span><\/li><li style="clear: both"><\/li><\/ul>
|raw|<ul class="utilichart"><li class="result"><span style="float: left ; min-height: 26px"><span class="col statcol"><em>HP<\/em><br>100<\/span> <span class="col statcol"><em>Atk<\/em><br>132<\/span> <span class="col statcol"><em>Def<\/em><br>87<\/span> <span class="col statcol"><em>SpA<\/em><br>62<\/span> <span class="col statcol"><em>SpD<\/em><br>85<\/span> <span class="col statcol"><em>Spe<\/em><br>43<\/span> <\/span><\/li><li style="clear: both"><\/li><\/ul>
|move|p2a: Aerodactyl|Rock Slide|p1a: Crabominable
|-damage|p1a: Crabominable|50\/100
|
|-weather|Sandstorm|[upkeep]
|-damage|p1a: Crabominable|44\/100|[from] Sandstorm
|-heal|p1a: Crabominable|50\/100|[from] item: Leftovers
|upkeep
|turn|18
|j|+Paul(Paulluxx)
|c|+Paul(Paulluxx)|gaming
|c|+rezzo64|ty geek
|j|+scorbunnyss
|c|+analysis geek|that should be everybody
|
|t:|1653847426
|switch|p2a: Celebi|Celebi|341\/341
|move|p1a: Crabominable|Rock Slide|p2a: Celebi
|-damage|p2a: Celebi|261\/341
|
|-weather|Sandstorm|[upkeep]
|-damage|p2a: Celebi|240\/341|[from] Sandstorm
|-damage|p1a: Crabominable|44\/100|[from] Sandstorm
|-heal|p2a: Celebi|261\/341|[from] item: Leftovers
|-heal|p1a: Crabominable|50\/100|[from] item: Leftovers
|upkeep
|turn|19
|
|t:|1653847436
|switch|p1a: Snorlax|Snorlax, M|72\/100
|-start|p1a: Snorlax|typechange|Normal|[silent]
|-damage|p1a: Snorlax|47\/100|[from] Spikes
|move|p2a: Celebi|Psychic|p1a: Snorlax
|-damage|p1a: Snorlax|27\/100
|
|-weather|Sandstorm|[upkeep]
|-damage|p2a: Celebi|240\/341|[from] Sandstorm
|-damage|p1a: Snorlax|21\/100|[from] Sandstorm
|-heal|p2a: Celebi|261\/341|[from] item: Leftovers
|upkeep
|turn|20
|
|t:|1653847446
|switch|p2a: Skarmory|Skarmory, M|169\/310
|-start|p2a: Skarmory|typechange|Steel\/Flying|[silent]
|-enditem|p1a: Snorlax|Custap Berry|[eat]
|-message|Custap Berry activated.
|move|p1a: Snorlax|Lovely Kiss|p2a: Skarmory|[from]Custap Berry
|-status|p2a: Skarmory|slp|[from] move: Lovely Kiss
|
|-weather|Sandstorm|[upkeep]
|-damage|p1a: Snorlax|14\/100|[from] Sandstorm
|-heal|p2a: Skarmory|188\/310 slp|[from] item: Leftovers
|upkeep
|turn|21
|
|t:|1653847453
|cant|p2a: Skarmory|slp
|move|p1a: Snorlax|Double-Edge|p2a: Skarmory
|-resisted|p2a: Skarmory
|-damage|p2a: Skarmory|112\/310 slp
|-damage|p1a: Snorlax|9\/100|[from] Recoil|[of] p2a: Skarmory
|
|-weather|Sandstorm|[upkeep]
|-damage|p1a: Snorlax|3\/100|[from] Sandstorm
|-heal|p2a: Skarmory|131\/310 slp|[from] item: Leftovers
|upkeep
|turn|22
|
|t:|1653847457
|cant|p2a: Skarmory|slp
|move|p1a: Snorlax|Double-Edge|p2a: Skarmory
|-resisted|p2a: Skarmory
|-damage|p2a: Skarmory|51\/310 slp
|-damage|p1a: Snorlax|0 fnt|[from] Recoil|[of] p2a: Skarmory
|faint|p1a: Snorlax
|
|t:|1653847460
|switch|p1a: Salamence|Salamence, M|100\/100
|-start|p1a: Salamence|typechange|Dragon\/Flying|[silent]
|raw|<ul class="utilichart"><li class="result"><span class="col pokemonnamecol" style="white-space: nowrap">Salamence<\/span> <span class="col typecol"><img src="https:\/\/dragonheaven.herokuapp.com\/sprites\/types\/Dragon.png" alt="Dragon" height="14" width="32"><img src="https:\/\/dragonheaven.herokuapp.com\/sprites\/types\/Flying.png" alt="Flying" height="14" width="32"><\/span> <span style="float: left ; min-height: 26px"><span class="col abilitycol">Intimidate<\/span><span class="col abilitycol"><\/span><\/span><\/li><li style="clear: both"><\/li><\/ul>
|raw|<ul class="utilichart"><li class="result"><span style="float: left ; min-height: 26px"><span class="col statcol"><em>HP<\/em><br>95<\/span> <span class="col statcol"><em>Atk<\/em><br>135<\/span> <span class="col statcol"><em>Def<\/em><br>80<\/span> <span class="col statcol"><em>SpA<\/em><br>110<\/span> <span class="col statcol"><em>SpD<\/em><br>80<\/span> <span class="col statcol"><em>Spe<\/em><br>100<\/span> <\/span><\/li><li style="clear: both"><\/li><\/ul>
|-ability|p1a: Salamence|Intimidate|boost
|-unboost|p2a: Skarmory|atk|1
|
|-weather|Sandstorm|[upkeep]
|-damage|p1a: Salamence|94\/100|[from] Sandstorm
|-heal|p2a: Skarmory|70\/310 slp|[from] item: Leftovers
|upkeep
|turn|23
|
|t:|1653847478
|switch|p2a: Swampert|Swampert, M|401\/401
|-start|p2a: Swampert|typechange|Water\/Ground|[silent]
|raw|<ul class="utilichart"><li class="result"><span class="col pokemonnamecol" style="white-space: nowrap">Swampert<\/span> <span class="col typecol"><img src="https:\/\/dragonheaven.herokuapp.com\/sprites\/types\/Water.png" alt="Water" height="14" width="32"><img src="https:\/\/dragonheaven.herokuapp.com\/sprites\/types\/Ground.png" alt="Ground" height="14" width="32"><\/span> <span style="float: left ; min-height: 26px"><span class="col abilitycol">Torrent<\/span><span class="col abilitycol"><\/span><\/span><\/li><li style="clear: both"><\/li><\/ul>
|raw|<ul class="utilichart"><li class="result"><span style="float: left ; min-height: 26px"><span class="col statcol"><em>HP<\/em><br>100<\/span> <span class="col statcol"><em>Atk<\/em><br>110<\/span> <span class="col statcol"><em>Def<\/em><br>90<\/span> <span class="col statcol"><em>SpA<\/em><br>85<\/span> <span class="col statcol"><em>SpD<\/em><br>90<\/span> <span class="col statcol"><em>Spe<\/em><br>60<\/span> <\/span><\/li><li style="clear: both"><\/li><\/ul>
|move|p1a: Salamence|Dragon Dance|p1a: Salamence
|-boost|p1a: Salamence|atk|1
|-boost|p1a: Salamence|spe|1
|
|-weather|Sandstorm|[upkeep]
|-damage|p1a: Salamence|88\/100|[from] Sandstorm
|upkeep
|turn|24
|
|t:|1653847485
|switch|p1a: Gengar|Gengar, F|55\/100
|-start|p1a: Gengar|typechange|Ghost\/Poison|[silent]
|move|p2a: Swampert|Ice Beam|p1a: Gengar
|-damage|p1a: Gengar|5\/100
|-status|p1a: Gengar|frz
|
|-weather|Sandstorm|[upkeep]
|-damage|p1a: Gengar|0 fnt|[from] Sandstorm
|faint|p1a: Gengar
|upkeep
|
|t:|1653847491
|switch|p1a: Crabominable|Crabominable, M|50\/100
|-start|p1a: Crabominable|typechange|Fighting\/Ice|[silent]
|-damage|p1a: Crabominable|26\/100|[from] Spikes
|turn|25
|
|t:|1653847497
|switch|p2a: Celebi|Celebi|261\/341
|move|p1a: Crabominable|Superpower|p2a: Celebi
|-resisted|p2a: Celebi
|-damage|p2a: Celebi|165\/341
|-unboost|p1a: Crabominable|atk|1
|-unboost|p1a: Crabominable|def|1
|
|-weather|Sandstorm|[upkeep]
|-damage|p2a: Celebi|144\/341|[from] Sandstorm
|-damage|p1a: Crabominable|19\/100|[from] Sandstorm
|-heal|p2a: Celebi|165\/341|[from] item: Leftovers
|-heal|p1a: Crabominable|26\/100|[from] item: Leftovers
|upkeep
|turn|26
|
|t:|1653847507
|switch|p1a: Salamence|Salamence, M|88\/100
|-start|p1a: Salamence|typechange|Dragon\/Flying|[silent]
|-ability|p1a: Salamence|Intimidate|boost
|-unboost|p2a: Celebi|atk|1
|move|p2a: Celebi|Psychic|p1a: Salamence
|-damage|p1a: Salamence|45\/100
|
|-weather|Sandstorm|[upkeep]
|-damage|p2a: Celebi|144\/341|[from] Sandstorm
|-damage|p1a: Salamence|39\/100|[from] Sandstorm
|-heal|p2a: Celebi|165\/341|[from] item: Leftovers
|upkeep
|turn|27
|
|t:|1653847510
|move|p2a: Celebi|Psychic|p1a: Salamence
|-damage|p1a: Salamence|0 fnt
|faint|p1a: Salamence
|c|☆voyagar|gg
|c|☆bynum|gg
|c|☆voyagar|t
|
|t:|1653847570
|switch|p1a: Crabominable|Crabominable, M|26\/100
|-damage|p1a: Crabominable|1\/100|[from] Spikes
|-start|p1a: Crabominable|typechange|Fighting\/Ice|[silent]
|
|-weather|Sandstorm|[upkeep]
|-damage|p2a: Celebi|144\/341|[from] Sandstorm
|-damage|p1a: Crabominable|0 fnt|[from] Sandstorm
|faint|p1a: Crabominable
|
|win|voyagar
|upkeep
|l|☆bynum
|j|~scoopapa</script>
</div>
<div class="battle-log battle-log-inline"><div class="inner"><div class="battle-options"><div style="padding-top: 3px; padding-right: 3px; text-align: right"><button class="icon button" name="openBattleOptions" title="Options">Battle Options</button></div></div><div class="inner message-log"><div class="chat"><div class="broadcast-red"><strong>This battle is invite-only!</strong><br>Users must be invited with <code>/invite</code> (or be staff) to join</div></div><div class="chat"><small>☆bynum and ☆voyagar joined</small></div><div class=""><small>Format:</small> <br><strong>[Gen 3] Hoenn Gaiden</strong></div><div class=""><small><em>Sleep Clause Mod:</em> Limit one foe put to sleep</small></div><div class=""><small><em>Switch Priority Clause Mod:</em> Faster Pokémon switch first</small></div><div class=""><small><em>Species Clause:</em> Limit one of each Pokémon</small></div><div class=""><small><em>OHKO Clause:</em> OHKO moves are banned</small></div><div class=""><small><em>Moody Clause:</em> Moody is banned</small></div><div class=""><small><em>Evasion Moves Clause:</em> Evasion moves are banned</small></div><div class=""><small><em>Endless Battle Clause:</em> Forcing endless battles is banned</small></div><div class=""><small><em>HP Percentage Mod:</em> HP is shown in percentages</small></div><div class="chat"><img src="https://cdn.discordapp.com/attachments/510822010922860545/864665757446045716/Hoenn_Gaiden_Banner.png" height="213" width="381"></div><div class="spacer battle-history"><br></div><div class="battle-history"><small>Welcome to Hoenn Gaiden!</small><br></div><div class="battle-history"><small>This is a [Gen 3] OU-based format where we add later generation Pokemon, items, moves, and abilities, as well as change up existing ones!</small><br></div><div class="battle-history"><small>You can find our thread and metagame resources here:</small><br></div><div class="battle-history"><small>https://www.smogon.com/forums/threads/hoenn-gaiden-pet-mod-of-the-season-slate-8-concept-voting.3681339/</small><br></div><div class="spacer battle-history"><br></div><div class="battle-history">Battle started between bynum and voyagar!<br></div><div class="spacer battle-history"><br></div><div class="battle-history">bynum sent out <strong>Moltres</strong>!<br></div><div class="spacer battle-history"><br></div><div class="battle-history">Go! <strong>Metagross</strong>!<br></div><div class="chat"><ul class="utilichart"><li class="result"><span class="col pokemonnamecol" style="white-space: nowrap">Moltres</span> <span class="col typecol"><img src="https://dragonheaven.herokuapp.com/sprites/types/Fire.png" alt="Fire" height="14" width="32"><img src="https://dragonheaven.herokuapp.com/sprites/types/Flying.png" alt="Flying" height="14" width="32"></span> <span style="float: left ; min-height: 26px"><span class="col abilitycol">Pressure</span><span class="col abilitycol"></span></span></li><li style="clear: both"></li></ul></div><div class="chat"><ul class="utilichart"><li class="result"><span style="float: left ; min-height: 26px"><span class="col statcol"><em>HP</em><br>90</span> <span class="col statcol"><em>Atk</em><br>100</span> <span class="col statcol"><em>Def</em><br>90</span> <span class="col statcol"><em>SpA</em><br>125</span> <span class="col statcol"><em>SpD</em><br>85</span> <span class="col statcol"><em>Spe</em><br>90</span> </span></li><li style="clear: both"></li></ul></div><div class="chat"><ul class="utilichart"><li class="result"><span class="col pokemonnamecol" style="white-space: nowrap">Metagross</span> <span class="col typecol"><img src="https://dragonheaven.herokuapp.com/sprites/types/Steel.png" alt="Steel" height="14" width="32"><img src="https://dragonheaven.herokuapp.com/sprites/types/Psychic.png" alt="Psychic" height="14" width="32"></span> <span style="float: left ; min-height: 26px"><span class="col abilitycol">Clear Body</span><span class="col abilitycol"></span></span></li><li style="clear: both"></li></ul></div><div class="chat"><ul class="utilichart"><li class="result"><span style="float: left ; min-height: 26px"><span class="col statcol"><em>HP</em><br>80</span> <span class="col statcol"><em>Atk</em><br>135</span> <span class="col statcol"><em>Def</em><br>130</span> <span class="col statcol"><em>SpA</em><br>95</span> <span class="col statcol"><em>SpD</em><br>90</span> <span class="col statcol"><em>Spe</em><br>70</span> </span></li><li style="clear: both"></li></ul></div><div class="spacer battle-history"><br></div><h2 class="battle-history">Turn 1</h2><div class="chat"><div class="broadcast-blue"><strong>This room is no longer invite only!</strong><br>Anyone may now join.</div></div><div class="chat chatmessage-bynum"><span class="message-log">bynum turned off modjoin.</span></div><div class="chat chatmessage-bynum"><strong style="color:#0aa6b1"><small>☆</small><span class="username" data-name="bynum">bynum</span>:</strong> <em>hf</em></div><div class="chat chatmessage-voyagar mine"><strong style="color:#ba5e17"><small>☆</small><span class="username" data-name="voyagar">voyagar</span>:</strong> <em>u2</em></div><div class="spacer battle-history"><br></div><div class="battle-history">Metagross, come back!<br></div><div class="battle-history">Go! <strong>Tyranitar</strong>!<br></div><div class="chat"><ul class="utilichart"><li class="result"><span class="col pokemonnamecol" style="white-space: nowrap">Tyranitar</span> <span class="col typecol"><img src="https://dragonheaven.herokuapp.com/sprites/types/Rock.png" alt="Rock" height="14" width="32"><img src="https://dragonheaven.herokuapp.com/sprites/types/Dark.png" alt="Dark" height="14" width="32"></span> <span style="float: left ; min-height: 26px"><span class="col abilitycol">Sand Stream</span><span class="col abilitycol"></span></span></li><li style="clear: both"></li></ul></div><div class="chat"><ul class="utilichart"><li class="result"><span style="float: left ; min-height: 26px"><span class="col statcol"><em>HP</em><br>100</span> <span class="col statcol"><em>Atk</em><br>134</span> <span class="col statcol"><em>Def</em><br>110</span> <span class="col statcol"><em>SpA</em><br>95</span> <span class="col statcol"><em>SpD</em><br>100</span> <span class="col statcol"><em>Spe</em><br>61</span> </span></li><li style="clear: both"></li></ul></div><div class="battle-history">[Tyranitar's Sand Stream]<br><small>A sandstorm kicked up!</small><br></div><div class="spacer battle-history"><br></div><div class="battle-history">The opposing Moltres used <strong>Will-O-Wisp</strong>!<br></div><div class="battle-history"><small>Tyranitar was burned!</small><br></div><div class="battle-history"><small>(Tyranitar ate its Lum Berry!)</small><br></div><div class="battle-history"><small>Tyranitar's burn was healed!</small><br></div><div class="spacer battle-history"><br></div><div class="battle-history"><small>(The sandstorm is raging.)</small><br></div><div class="battle-history"><small>The opposing Moltres is buffeted by the sandstorm!</small><br></div><div class="battle-history"><small>The opposing Moltres restored a little HP using its Leftovers!</small><br></div><div class="spacer battle-history"><br></div><h2 class="battle-history">Turn 2</h2><div class="chat"><small>+Clastia joined</small></div><div class="spacer battle-history"><br></div><div class="battle-history">bynum withdrew Moltres!<br></div><div class="battle-history">bynum sent out <strong>Metagross</strong>!<br></div><div class="chat"><ul class="utilichart"><li class="result"><span class="col pokemonnamecol" style="white-space: nowrap">Metagross</span> <span class="col typecol"><img src="https://dragonheaven.herokuapp.com/sprites/types/Steel.png" alt="Steel" height="14" width="32"><img src="https://dragonheaven.herokuapp.com/sprites/types/Psychic.png" alt="Psychic" height="14" width="32"></span> <span style="float: left ; min-height: 26px"><span class="col abilitycol">Clear Body</span><span class="col abilitycol"></span></span></li><li style="clear: both"></li></ul></div><div class="chat"><ul class="utilichart"><li class="result"><span style="float: left ; min-height: 26px"><span class="col statcol"><em>HP</em><br>80</span> <span class="col statcol"><em>Atk</em><br>135</span> <span class="col statcol"><em>Def</em><br>130</span> <span class="col statcol"><em>SpA</em><br>95</span> <span class="col statcol"><em>SpD</em><br>90</span> <span class="col statcol"><em>Spe</em><br>70</span> </span></li><li style="clear: both"></li></ul></div><div class="spacer battle-history"><br></div><div class="battle-history">Tyranitar used <strong>Crunch</strong>!<br></div><div class="battle-history"><small>(The opposing Metagross lost 42% of its health!)</small><br></div><div class="spacer battle-history"><br></div><div class="battle-history"><small>(The sandstorm is raging.)</small><br></div><div class="spacer battle-history"><br></div><h2 class="battle-history">Turn 3</h2><div class="chat"><small> DuckeryDoodle joined</small></div><div class="spacer battle-history"><br></div><div class="battle-history">Tyranitar, come back!<br></div><div class="battle-history">Go! <strong>Skarmory</strong>!<br></div><div class="chat"><ul class="utilichart"><li class="result"><span class="col pokemonnamecol" style="white-space: nowrap">Skarmory</span> <span class="col typecol"><img src="https://dragonheaven.herokuapp.com/sprites/types/Steel.png" alt="Steel" height="14" width="32"><img src="https://dragonheaven.herokuapp.com/sprites/types/Flying.png" alt="Flying" height="14" width="32"></span> <span style="float: left ; min-height: 26px"><span class="col abilitycol">Keen Eye / Sturdy</span><span class="col abilitycol"></span></span></li><li style="clear: both"></li></ul></div><div class="chat"><ul class="utilichart"><li class="result"><span style="float: left ; min-height: 26px"><span class="col statcol"><em>HP</em><br>65</span> <span class="col statcol"><em>Atk</em><br>80</span> <span class="col statcol"><em>Def</em><br>140</span> <span class="col statcol"><em>SpA</em><br>40</span> <span class="col statcol"><em>SpD</em><br>70</span> <span class="col statcol"><em>Spe</em><br>70</span> </span></li><li style="clear: both"></li></ul></div><div class="spacer battle-history"><br></div><div class="battle-history">The opposing Metagross used <strong>Earthquake</strong>!<br></div><div class="battle-history"><small>It doesn't affect Skarmory...</small><br></div><div class="spacer battle-history"><br></div><div class="battle-history"><small>(The sandstorm is raging.)</small><br></div><div class="spacer battle-history"><br></div><h2 class="battle-history">Turn 4</h2><div class="chat chatmessage-duckerydoodle"><strong style="color:#bc2995"><small> </small><span class="username" data-name="DuckeryDoodle">DuckeryDoodle</span>:</strong> <em>LGI BYNUM!!!</em></div><div class="spacer battle-history"><br></div><div class="battle-history">bynum withdrew Metagross!<br></div><div class="battle-history">bynum sent out <strong>Moltres</strong>!<br></div><div class="spacer battle-history"><br></div><div class="battle-history">Skarmory used <strong>Spikes</strong>!<br></div><div class="battle-history"><small>Spikes were scattered on the ground all around the opposing team!</small><br></div><div class="spacer battle-history"><br></div><div class="battle-history"><small>(The sandstorm is raging.)</small><br></div><div class="battle-history"><small>The opposing Moltres is buffeted by the sandstorm!</small><br></div><div class="battle-history"><small>The opposing Moltres restored a little HP using its Leftovers!</small><br></div><div class="spacer battle-history"><br></div><h2 class="battle-history">Turn 5</h2><div class="spacer battle-history"><br></div><div class="battle-history">Skarmory, come back!<br></div><div class="battle-history">Go! <strong>Tyranitar</strong>!<br></div><div class="spacer battle-history"><br></div><div class="battle-history">The opposing Moltres used <strong>Fire Blast</strong>!<br></div><div class="battle-history"><small>It's not very effective...</small><br></div><div class="battle-history"><small>(Tyranitar lost <abbr title="−99/387">25.6%</abbr> of its health!)</small><br></div><div class="spacer battle-history"><br></div><div class="battle-history"><small>(The sandstorm is raging.)</small><br></div><div class="battle-history"><small>The opposing Moltres is buffeted by the sandstorm!</small><br></div><div class="battle-history"><small>The opposing Moltres restored a little HP using its Leftovers!</small><br></div><div class="spacer battle-history"><br></div><h2 class="battle-history">Turn 6</h2><div class="spacer battle-history"><br></div><div class="battle-history">The opposing Moltres used <strong>Hidden Power</strong>!<br></div><div class="battle-history"><small>It's super effective!</small><br></div><div class="battle-history"><small>(Tyranitar lost <abbr title="−162/387">41.9%</abbr> of its health!)</small><br></div><div class="spacer battle-history"><br></div><div class="battle-history">Tyranitar used <strong>Rock Slide</strong>!<br></div><div class="battle-history"><small>It's super effective!</small><br></div><div class="battle-history"><small>(The opposing Moltres lost 100% of its health!)</small><br></div><div class="spacer battle-history"><br></div><div class="battle-history">The opposing Moltres fainted!<br></div><div class="spacer battle-history"><br></div><div class="battle-history">bynum sent out <strong>Metagross</strong>!<br></div><div class="battle-history"><small>The opposing Metagross was hurt by the spikes!</small><br></div><div class="spacer battle-history"><br></div><div class="battle-history"><small>(The sandstorm is raging.)</small><br></div><div class="spacer battle-history"><br></div><h2 class="battle-history">Turn 7</h2><div class="spacer battle-history"><br></div><div class="battle-history">The opposing Metagross used <strong>Meteor Mash</strong>!<br></div><div class="battle-history"><small>It's super effective!</small><br></div><div class="battle-history"><small>(Tyranitar lost <abbr title="−126/387">32.6%</abbr> of its health!)</small><br></div><div class="spacer battle-history"><br></div><div class="battle-history">Tyranitar fainted!<br></div><div class="spacer battle-history"><br></div><div class="battle-history">Go! <strong>Skarmory</strong>!<br></div><div class="spacer battle-history"><br></div><div class="battle-history"><small>(The sandstorm is raging.)</small><br></div><div class="spacer battle-history"><br></div><h2 class="battle-history">Turn 8</h2><div class="spacer battle-history"><br></div><div class="battle-history">bynum withdrew Metagross!<br></div><div class="battle-history">bynum sent out <strong>Gengar</strong>!<br></div><div class="chat"><ul class="utilichart"><li class="result"><span class="col pokemonnamecol" style="white-space: nowrap">Gengar</span> <span class="col typecol"><img src="https://dragonheaven.herokuapp.com/sprites/types/Ghost.png" alt="Ghost" height="14" width="32"><img src="https://dragonheaven.herokuapp.com/sprites/types/Poison.png" alt="Poison" height="14" width="32"></span> <span style="float: left ; min-height: 26px"><span class="col abilitycol">Levitate</span><span class="col abilitycol"></span></span></li><li style="clear: both"></li></ul></div><div class="chat"><ul class="utilichart"><li class="result"><span style="float: left ; min-height: 26px"><span class="col statcol"><em>HP</em><br>60</span> <span class="col statcol"><em>Atk</em><br>65</span> <span class="col statcol"><em>Def</em><br>60</span> <span class="col statcol"><em>SpA</em><br>130</span> <span class="col statcol"><em>SpD</em><br>75</span> <span class="col statcol"><em>Spe</em><br>110</span> </span></li><li style="clear: both"></li></ul></div><div class="spacer battle-history"><br></div><div class="battle-history">Skarmory used <strong>Spikes</strong>!<br></div><div class="battle-history"><small>Spikes were scattered on the ground all around the opposing team!</small><br></div><div class="spacer battle-history"><br></div><div class="battle-history"><small>(The sandstorm is raging.)</small><br></div><div class="battle-history"><small>The opposing Gengar is buffeted by the sandstorm!</small><br></div><div class="battle-history"><small>The opposing Gengar restored a little HP using its Leftovers!</small><br></div><div class="spacer battle-history"><br></div><h2 class="battle-history">Turn 9</h2><div class="spacer battle-history"><br></div><div class="battle-history">The opposing Gengar used <strong>Thunderbolt</strong>!<br></div><div class="battle-history"><small>It's super effective!</small><br></div><div class="battle-history"><small>(Skarmory lost <abbr title="−198/310">63.9%</abbr> of its health!)</small><br></div><div class="spacer battle-history"><br></div><div class="battle-history">Skarmory used <strong>Drill Peck</strong>!<br></div><div class="battle-history"><small>(The opposing Gengar lost 45% of its health!)</small><br></div><div class="spacer battle-history"><br></div><div class="battle-history"><small>(The sandstorm is raging.)</small><br></div><div class="battle-history"><small>The opposing Gengar is buffeted by the sandstorm!</small><br></div><div class="battle-history"><small>The opposing Gengar restored a little HP using its Leftovers!</small><br></div><div class="battle-history"><small>Skarmory restored a little HP using its Leftovers!</small><br></div><div class="spacer battle-history"><br></div><h2 class="battle-history">Turn 10</h2><div class="spacer battle-history"><br></div><div class="battle-history">Skarmory, come back!<br></div><div class="battle-history">Go! <strong>Metagross</strong>!<br></div><div class="spacer battle-history"><br></div><div class="battle-history">The opposing Gengar used <strong>Will-O-Wisp</strong>!<br></div><div class="battle-history"><small>Metagross was burned!</small><br></div><div class="spacer battle-history"><br></div><div class="battle-history"><small>(The sandstorm is raging.)</small><br></div><div class="battle-history"><small>The opposing Gengar is buffeted by the sandstorm!</small><br></div><div class="battle-history"><small>The opposing Gengar restored a little HP using its Leftovers!</small><br></div><div class="battle-history"><small>Metagross was hurt by its burn!</small><br></div><div class="spacer battle-history"><br></div><h2 class="battle-history">Turn 11</h2><div class="chat"><small>+analysis geek joined</small></div><div class="spacer battle-history"><br></div><div class="battle-history">bynum withdrew Gengar!<br></div><div class="battle-history">bynum sent out <strong>Metagross</strong>!<br></div><div class="battle-history"><small>The opposing Metagross was hurt by the spikes!</small><br></div><div class="spacer battle-history"><br></div><div class="battle-history">Metagross used <strong>Meteor Mash</strong>!<br></div><div class="battle-history"><small>The opposing Metagross avoided the attack!</small><br></div><div class="spacer battle-history"><br></div><div class="battle-history"><small>(The sandstorm is raging.)</small><br></div><div class="battle-history"><small>Metagross was hurt by its burn!</small><br></div><div class="spacer battle-history"><br></div><h2 class="battle-history">Turn 12</h2><div class="chat chatmessage-voyagar mine"><strong style="color:#ba5e17"><small>☆</small><span class="username" data-name="voyagar">voyagar</span>:</strong> <em>._.</em></div><div class="chat"><small>+rezzo64 joined</small></div><div class="spacer battle-history"><br></div><div class="battle-history">Metagross used <strong>Meteor Mash</strong>!<br></div><div class="battle-history"><small>It's not very effective...</small><br></div><div class="battle-history"><small>A critical hit!</small><br></div><div class="battle-history"><small>(The opposing Metagross lost 29% of its health!)</small><br></div><div class="spacer battle-history"><br></div><div class="battle-history">The opposing Metagross fainted!<br></div><div class="spacer battle-history"><br></div><div class="battle-history">bynum sent out <strong>Snorlax</strong>!<br></div><div class="battle-history"><small>The opposing Snorlax was hurt by the spikes!</small><br></div><div class="chat"><ul class="utilichart"><li class="result"><span class="col pokemonnamecol" style="white-space: nowrap">Snorlax</span> <span class="col typecol"><img src="https://dragonheaven.herokuapp.com/sprites/types/Normal.png" alt="Normal" height="14" width="32"></span> <span style="float: left ; min-height: 26px"><span class="col abilitycol">Immunity / Thick Fat</span><span class="col abilitycol"></span></span></li><li style="clear: both"></li></ul></div><div class="chat"><ul class="utilichart"><li class="result"><span style="float: left ; min-height: 26px"><span class="col statcol"><em>HP</em><br>160</span> <span class="col statcol"><em>Atk</em><br>110</span> <span class="col statcol"><em>Def</em><br>65</span> <span class="col statcol"><em>SpA</em><br>65</span> <span class="col statcol"><em>SpD</em><br>110</span> <span class="col statcol"><em>Spe</em><br>30</span> </span></li><li style="clear: both"></li></ul></div><div class="spacer battle-history"><br></div><div class="battle-history"><small>(The sandstorm is raging.)</small><br></div><div class="battle-history"><small>The opposing Snorlax is buffeted by the sandstorm!</small><br></div><div class="battle-history"><small>Metagross was hurt by its burn!</small><br></div><div class="spacer battle-history"><br></div><h2 class="battle-history">Turn 13</h2><div class="spacer battle-history"><br></div><div class="battle-history">Metagross, come back!<br></div><div class="battle-history">Go! <strong>Skarmory</strong>!<br></div><div class="spacer battle-history"><br></div><div class="battle-history">The opposing Snorlax used <strong>Earthquake</strong>!<br></div><div class="battle-history"><small>It doesn't affect Skarmory...</small><br></div><div class="spacer battle-history"><br></div><div class="battle-history"><small>(The sandstorm is raging.)</small><br></div><div class="battle-history"><small>The opposing Snorlax is buffeted by the sandstorm!</small><br></div><div class="battle-history"><small>Skarmory restored a little HP using its Leftovers!</small><br></div><div class="spacer battle-history"><br></div><h2 class="battle-history">Turn 14</h2><div class="spacer battle-history"><br></div><div class="battle-history">bynum withdrew Snorlax!<br></div><div class="battle-history">bynum sent out <strong>Gengar</strong>!<br></div><div class="spacer battle-history"><br></div><div class="battle-history">Skarmory used <strong>Spikes</strong>!<br></div><div class="battle-history"><small>Spikes were scattered on the ground all around the opposing team!</small><br></div><div class="spacer battle-history"><br></div><div class="battle-history"><small>(The sandstorm is raging.)</small><br></div><div class="battle-history"><small>The opposing Gengar is buffeted by the sandstorm!</small><br></div><div class="battle-history"><small>The opposing Gengar restored a little HP using its Leftovers!</small><br></div><div class="battle-history"><small>Skarmory restored a little HP using its Leftovers!</small><br></div><div class="spacer battle-history"><br></div><h2 class="battle-history">Turn 15</h2><div class="spacer battle-history"><br></div><div class="battle-history">Skarmory, come back!<br></div><div class="battle-history">Go! <strong>Metagross</strong>!<br></div><div class="spacer battle-history"><br></div><div class="battle-history">The opposing Gengar used <strong>Thunderbolt</strong>!<br></div><div class="battle-history"><small>(Metagross lost <abbr title="−127/331">38.4%</abbr> of its health!)</small><br></div><div class="spacer battle-history"><br></div><div class="battle-history"><small>(The sandstorm is raging.)</small><br></div><div class="battle-history"><small>The opposing Gengar is buffeted by the sandstorm!</small><br></div><div class="battle-history"><small>The opposing Gengar restored a little HP using its Leftovers!</small><br></div><div class="battle-history"><small>Metagross was hurt by its burn!</small><br></div><div class="spacer battle-history"><br></div><h2 class="battle-history">Turn 16</h2><div class="spacer battle-history"><br></div><div class="battle-history">The opposing Gengar used <strong>Thunderbolt</strong>!<br></div><div class="battle-history"><small>(Metagross lost <abbr title="−40/331">12.1%</abbr> of its health!)</small><br></div><div class="spacer battle-history"><br></div><div class="battle-history">Metagross fainted!<br></div><div class="spacer battle-history"><br></div><div class="battle-history">Go! <strong>Aerodactyl</strong>!<br></div><div class="chat"><ul class="utilichart"><li class="result"><span class="col pokemonnamecol" style="white-space: nowrap">Aerodactyl</span> <span class="col typecol"><img src="https://dragonheaven.herokuapp.com/sprites/types/Rock.png" alt="Rock" height="14" width="32"><img src="https://dragonheaven.herokuapp.com/sprites/types/Flying.png" alt="Flying" height="14" width="32"></span> <span style="float: left ; min-height: 26px"><span class="col abilitycol">Rock Head / Pressure</span><span class="col abilitycol"></span></span></li><li style="clear: both"></li></ul></div><div class="chat"><ul class="utilichart"><li class="result"><span style="float: left ; min-height: 26px"><span class="col statcol"><em>HP</em><br>80</span> <span class="col statcol"><em>Atk</em><br>105</span> <span class="col statcol"><em>Def</em><br>65</span> <span class="col statcol"><em>SpA</em><br>60</span> <span class="col statcol"><em>SpD</em><br>75</span> <span class="col statcol"><em>Spe</em><br>130</span> </span></li><li style="clear: both"></li></ul></div><div class="spacer battle-history"><br></div><div class="battle-history"><small>(The sandstorm is raging.)</small><br></div><div class="battle-history"><small>The opposing Gengar is buffeted by the sandstorm!</small><br></div><div class="battle-history"><small>The opposing Gengar restored a little HP using its Leftovers!</small><br></div><div class="spacer battle-history"><br></div><h2 class="battle-history">Turn 17</h2><div class="chat"><small>~piikiki4 joined</small></div><div class="spacer battle-history"><br></div><div class="battle-history">bynum withdrew Gengar!<br></div><div class="battle-history">bynum sent out <strong>Crabominable</strong>!<br></div><div class="battle-history"><small>The opposing Crabominable was hurt by the spikes!</small><br></div><div class="chat"><ul class="utilichart"><li class="result"><span class="col pokemonnamecol" style="white-space: nowrap">Crabominable</span> <span class="col typecol"><img src="https://dragonheaven.herokuapp.com/sprites/types/Fighting.png" alt="Fighting" height="14" width="32"><img src="https://dragonheaven.herokuapp.com/sprites/types/Ice.png" alt="Ice" height="14" width="32"></span> <span style="float: left ; min-height: 26px"><span class="col abilitycol">Fur Coat / Ice Body</span><span class="col abilitycol"></span></span></li><li style="clear: both"></li></ul></div><div class="chat"><ul class="utilichart"><li class="result"><span style="float: left ; min-height: 26px"><span class="col statcol"><em>HP</em><br>100</span> <span class="col statcol"><em>Atk</em><br>132</span> <span class="col statcol"><em>Def</em><br>87</span> <span class="col statcol"><em>SpA</em><br>62</span> <span class="col statcol"><em>SpD</em><br>85</span> <span class="col statcol"><em>Spe</em><br>43</span> </span></li><li style="clear: both"></li></ul></div><div class="spacer battle-history"><br></div><div class="battle-history">Aerodactyl used <strong>Rock Slide</strong>!<br></div><div class="battle-history"><small>(The opposing Crabominable lost 26% of its health!)</small><br></div><div class="spacer battle-history"><br></div><div class="battle-history"><small>(The sandstorm is raging.)</small><br></div><div class="battle-history"><small>The opposing Crabominable is buffeted by the sandstorm!</small><br></div><div class="battle-history"><small>The opposing Crabominable restored a little HP using its Leftovers!</small><br></div><div class="spacer battle-history"><br></div><h2 class="battle-history">Turn 18</h2><div class="chat"><small>+Paul(Paulluxx) joined</small></div><div class="chat chatmessage-paulpaulluxx"><strong style="color:#17849a"><small>+</small><span class="username" data-name="Paul(Paulluxx)">Paul(Paulluxx)</span>:</strong> <em>gaming</em></div><div class="chat chatmessage-rezzo64"><strong style="color:#8056da"><small>+</small><span class="username" data-name="rezzo64">rezzo64</span>:</strong> <em>ty geek</em></div><div class="chat"><small>+scorbunnyss joined</small></div><div class="chat chatmessage-analysisgeek"><strong style="color:#3e7fb9"><small>+</small><span class="username" data-name="analysis geek">analysis geek</span>:</strong> <em>that should be everybody</em></div><div class="spacer battle-history"><br></div><div class="battle-history">Aerodactyl, come back!<br></div><div class="battle-history">Go! <strong>Celebi</strong>!<br></div><div class="spacer battle-history"><br></div><div class="battle-history">The opposing Crabominable used <strong>Rock Slide</strong>!<br></div><div class="battle-history"><small>(Celebi lost <abbr title="−80/341">23.5%</abbr> of its health!)</small><br></div><div class="spacer battle-history"><br></div><div class="battle-history"><small>(The sandstorm is raging.)</small><br></div><div class="battle-history"><small>Celebi is buffeted by the sandstorm!</small><br></div><div class="battle-history"><small>The opposing Crabominable is buffeted by the sandstorm!</small><br></div><div class="battle-history"><small>Celebi restored a little HP using its Leftovers!</small><br></div><div class="battle-history"><small>The opposing Crabominable restored a little HP using its Leftovers!</small><br></div><div class="spacer battle-history"><br></div><h2 class="battle-history">Turn 19</h2><div class="spacer battle-history"><br></div><div class="battle-history">bynum withdrew Crabominable!<br></div><div class="battle-history">bynum sent out <strong>Snorlax</strong>!<br></div><div class="battle-history"><small>The opposing Snorlax was hurt by the spikes!</small><br></div><div class="spacer battle-history"><br></div><div class="battle-history">Celebi used <strong>Psychic</strong>!<br></div><div class="battle-history"><small>(The opposing Snorlax lost 20% of its health!)</small><br></div><div class="spacer battle-history"><br></div><div class="battle-history"><small>(The sandstorm is raging.)</small><br></div><div class="battle-history"><small>Celebi is buffeted by the sandstorm!</small><br></div><div class="battle-history"><small>The opposing Snorlax is buffeted by the sandstorm!</small><br></div><div class="battle-history"><small>Celebi restored a little HP using its Leftovers!</small><br></div><div class="spacer battle-history"><br></div><h2 class="battle-history">Turn 20</h2><div class="spacer battle-history"><br></div><div class="battle-history">Celebi, come back!<br></div><div class="battle-history">Go! <strong>Skarmory</strong>!<br></div><div class="battle-history"><small>(The opposing Snorlax ate its Custap Berry!)</small><br></div><div class="battle-history"><small>Custap Berry activated.</small><br></div><div class="spacer battle-history"><br></div><div class="battle-history">The opposing Snorlax used <strong>Lovely Kiss</strong>!<br></div><div class="battle-history"><small>Skarmory fell asleep!</small><br></div><div class="spacer battle-history"><br></div><div class="battle-history"><small>(The sandstorm is raging.)</small><br></div><div class="battle-history"><small>The opposing Snorlax is buffeted by the sandstorm!</small><br></div><div class="battle-history"><small>Skarmory restored a little HP using its Leftovers!</small><br></div><div class="spacer battle-history"><br></div><h2 class="battle-history">Turn 21</h2><div class="spacer battle-history"><br></div><div class="battle-history">Skarmory is fast asleep.<br></div><div class="spacer battle-history"><br></div><div class="battle-history">The opposing Snorlax used <strong>Double-Edge</strong>!<br></div><div class="battle-history"><small>It's not very effective...</small><br></div><div class="battle-history"><small>(Skarmory lost <abbr title="−76/310">24.5%</abbr> of its health!)</small><br></div><div class="battle-history"><small>The opposing Snorlax was damaged by the recoil!</small><br></div><div class="spacer battle-history"><br></div><div class="battle-history"><small>(The sandstorm is raging.)</small><br></div><div class="battle-history"><small>The opposing Snorlax is buffeted by the sandstorm!</small><br></div><div class="battle-history"><small>Skarmory restored a little HP using its Leftovers!</small><br></div><div class="spacer battle-history"><br></div><h2 class="battle-history">Turn 22</h2><div class="spacer battle-history"><br></div><div class="battle-history">Skarmory is fast asleep.<br></div><div class="spacer battle-history"><br></div><div class="battle-history">The opposing Snorlax used <strong>Double-Edge</strong>!<br></div><div class="battle-history"><small>It's not very effective...</small><br></div><div class="battle-history"><small>(Skarmory lost <abbr title="−80/310">25.8%</abbr> of its health!)</small><br></div><div class="battle-history"><small>The opposing Snorlax was damaged by the recoil!</small><br></div><div class="spacer battle-history"><br></div><div class="battle-history">The opposing Snorlax fainted!<br></div><div class="spacer battle-history"><br></div><div class="battle-history">bynum sent out <strong>Salamence</strong>!<br></div><div class="chat"><ul class="utilichart"><li class="result"><span class="col pokemonnamecol" style="white-space: nowrap">Salamence</span> <span class="col typecol"><img src="https://dragonheaven.herokuapp.com/sprites/types/Dragon.png" alt="Dragon" height="14" width="32"><img src="https://dragonheaven.herokuapp.com/sprites/types/Flying.png" alt="Flying" height="14" width="32"></span> <span style="float: left ; min-height: 26px"><span class="col abilitycol">Intimidate</span><span class="col abilitycol"></span></span></li><li style="clear: both"></li></ul></div><div class="chat"><ul class="utilichart"><li class="result"><span style="float: left ; min-height: 26px"><span class="col statcol"><em>HP</em><br>95</span> <span class="col statcol"><em>Atk</em><br>135</span> <span class="col statcol"><em>Def</em><br>80</span> <span class="col statcol"><em>SpA</em><br>110</span> <span class="col statcol"><em>SpD</em><br>80</span> <span class="col statcol"><em>Spe</em><br>100</span> </span></li><li style="clear: both"></li></ul></div><div class="battle-history">[The opposing Salamence's Intimidate]<br></div><div class="battle-history"><small>Skarmory's Attack fell!</small><br></div><div class="spacer battle-history"><br></div><div class="battle-history"><small>(The sandstorm is raging.)</small><br></div><div class="battle-history"><small>The opposing Salamence is buffeted by the sandstorm!</small><br></div><div class="battle-history"><small>Skarmory restored a little HP using its Leftovers!</small><br></div><div class="spacer battle-history"><br></div><h2 class="battle-history">Turn 23</h2><div class="spacer battle-history"><br></div><div class="battle-history">Skarmory, come back!<br></div><div class="battle-history">Go! <strong>Swampert</strong>!<br></div><div class="chat"><ul class="utilichart"><li class="result"><span class="col pokemonnamecol" style="white-space: nowrap">Swampert</span> <span class="col typecol"><img src="https://dragonheaven.herokuapp.com/sprites/types/Water.png" alt="Water" height="14" width="32"><img src="https://dragonheaven.herokuapp.com/sprites/types/Ground.png" alt="Ground" height="14" width="32"></span> <span style="float: left ; min-height: 26px"><span class="col abilitycol">Torrent</span><span class="col abilitycol"></span></span></li><li style="clear: both"></li></ul></div><div class="chat"><ul class="utilichart"><li class="result"><span style="float: left ; min-height: 26px"><span class="col statcol"><em>HP</em><br>100</span> <span class="col statcol"><em>Atk</em><br>110</span> <span class="col statcol"><em>Def</em><br>90</span> <span class="col statcol"><em>SpA</em><br>85</span> <span class="col statcol"><em>SpD</em><br>90</span> <span class="col statcol"><em>Spe</em><br>60</span> </span></li><li style="clear: both"></li></ul></div><div class="spacer battle-history"><br></div><div class="battle-history">The opposing Salamence used <strong>Dragon Dance</strong>!<br></div><div class="battle-history"><small>The opposing Salamence's Attack rose!</small><br></div><div class="battle-history"><small>The opposing Salamence's Speed rose!</small><br></div><div class="spacer battle-history"><br></div><div class="battle-history"><small>(The sandstorm is raging.)</small><br></div><div class="battle-history"><small>The opposing Salamence is buffeted by the sandstorm!</small><br></div><div class="spacer battle-history"><br></div><h2 class="battle-history">Turn 24</h2><div class="spacer battle-history"><br></div><div class="battle-history">bynum withdrew Salamence!<br></div><div class="battle-history">bynum sent out <strong>Gengar</strong>!<br></div><div class="spacer battle-history"><br></div><div class="battle-history">Swampert used <strong>Ice Beam</strong>!<br></div><div class="battle-history"><small>(The opposing Gengar lost 50% of its health!)</small><br></div><div class="battle-history"><small>The opposing Gengar was frozen solid!</small><br></div><div class="spacer battle-history"><br></div><div class="battle-history"><small>(The sandstorm is raging.)</small><br></div><div class="battle-history"><small>The opposing Gengar is buffeted by the sandstorm!</small><br></div><div class="spacer battle-history"><br></div><div class="battle-history">The opposing Gengar fainted!<br></div><div class="spacer battle-history"><br></div><div class="battle-history">bynum sent out <strong>Crabominable</strong>!<br></div><div class="battle-history"><small>The opposing Crabominable was hurt by the spikes!</small><br></div><div class="spacer battle-history"><br></div><h2 class="battle-history">Turn 25</h2><div class="spacer battle-history"><br></div><div class="battle-history">Swampert, come back!<br></div><div class="battle-history">Go! <strong>Celebi</strong>!<br></div><div class="spacer battle-history"><br></div><div class="battle-history">The opposing Crabominable used <strong>Superpower</strong>!<br></div><div class="battle-history"><small>It's not very effective...</small><br></div><div class="battle-history"><small>(Celebi lost <abbr title="−96/341">28.2%</abbr> of its health!)</small><br></div><div class="battle-history"><small>The opposing Crabominable's Attack fell!</small><br></div><div class="battle-history"><small>The opposing Crabominable's Defense fell!</small><br></div><div class="spacer battle-history"><br></div><div class="battle-history"><small>(The sandstorm is raging.)</small><br></div><div class="battle-history"><small>Celebi is buffeted by the sandstorm!</small><br></div><div class="battle-history"><small>The opposing Crabominable is buffeted by the sandstorm!</small><br></div><div class="battle-history"><small>Celebi restored a little HP using its Leftovers!</small><br></div><div class="battle-history"><small>The opposing Crabominable restored a little HP using its Leftovers!</small><br></div><div class="spacer battle-history"><br></div><h2 class="battle-history">Turn 26</h2><div class="spacer battle-history"><br></div><div class="battle-history">bynum withdrew Crabominable!<br></div><div class="battle-history">bynum sent out <strong>Salamence</strong>!<br></div><div class="battle-history">[The opposing Salamence's Intimidate]<br></div><div class="battle-history"><small>Celebi's Attack fell!</small><br></div><div class="spacer battle-history"><br></div><div class="battle-history">Celebi used <strong>Psychic</strong>!<br></div><div class="battle-history"><small>(The opposing Salamence lost 43% of its health!)</small><br></div><div class="spacer battle-history"><br></div><div class="battle-history"><small>(The sandstorm is raging.)</small><br></div><div class="battle-history"><small>Celebi is buffeted by the sandstorm!</small><br></div><div class="battle-history"><small>The opposing Salamence is buffeted by the sandstorm!</small><br></div><div class="battle-history"><small>Celebi restored a little HP using its Leftovers!</small><br></div><div class="spacer battle-history"><br></div><h2 class="battle-history">Turn 27</h2><div class="spacer battle-history"><br></div><div class="battle-history">Celebi used <strong>Psychic</strong>!<br></div><div class="battle-history"><small>(The opposing Salamence lost 39% of its health!)</small><br></div><div class="spacer battle-history"><br></div><div class="battle-history">The opposing Salamence fainted!<br></div><div class="chat chatmessage-voyagar mine"><strong style="color:#ba5e17"><small>☆</small><span class="username" data-name="voyagar">voyagar</span>:</strong> <em>gg</em></div><div class="chat chatmessage-bynum"><strong style="color:#0aa6b1"><small>☆</small><span class="username" data-name="bynum">bynum</span>:</strong> <em>gg</em></div><div class="chat chatmessage-voyagar mine"><strong style="color:#ba5e17"><small>☆</small><span class="username" data-name="voyagar">voyagar</span>:</strong> <em>t</em></div><div class="spacer battle-history"><br></div><div class="battle-history">bynum sent out <strong>Crabominable</strong>!<br></div><div class="battle-history"><small>The opposing Crabominable was hurt by the spikes!</small><br></div><div class="spacer battle-history"><br></div><div class="battle-history"><small>(The sandstorm is raging.)</small><br></div><div class="battle-history"><small>Celebi is buffeted by the sandstorm!</small><br></div><div class="battle-history"><small>The opposing Crabominable is buffeted by the sandstorm!</small><br></div><div class="spacer battle-history"><br></div><div class="battle-history">The opposing Crabominable fainted!<br></div><div class="spacer battle-history"><br></div><div class="battle-history"><strong>voyagar</strong> won the battle!<br></div><div class="chat"><small>~scoopapa joined; ☆bynum left</small></div></div><div class="inner-preempt message-log"></div></div></div>
</div>
<script>
let daily = Math.floor(Date.now()/1000/60/60/24);document.write('<script src="https://dragonheaven.herokuapp.com/js/replay-embed.js?version'+daily+'"></'+'script>');
</script>
