<!DOCTYPE html>
<meta charset="utf-8" />
<!-- version 1 -->
<title>[Gen 3] Hoenn Gaiden replay: 447323a vs. LRXC ✔</title>
<style>
html,body {font-family:Verdana, sans-serif;font-size:10pt;margin:0;padding:0;}body{padding:12px 0;} .battle-log {font-family:Verdana, sans-serif;font-size:10pt;} .battle-log-inline {border:1px solid #AAAAAA;background:#EEF2F5;color:black;max-width:640px;margin:0 auto 80px;padding-bottom:5px;} .battle-log .inner {padding:4px 8px 0px 8px;} .battle-log .inner-preempt {padding:0 8px 4px 8px;} .battle-log .inner-after {margin-top:0.5em;} .battle-log h2 {margin:0.5em -8px;padding:4px 8px;border:1px solid #AAAAAA;background:#E0E7EA;border-left:0;border-right:0;font-family:Verdana, sans-serif;font-size:13pt;} .battle-log .chat {vertical-align:middle;padding:3px 0 3px 0;font-size:8pt;} .battle-log .chat strong {color:#40576A;} .battle-log .chat em {padding:1px 4px 1px 3px;color:#000000;font-style:normal;} .chat.mine {background:rgba(0,0,0,0.05);margin-left:-8px;margin-right:-8px;padding-left:8px;padding-right:8px;} .spoiler {color:#BBBBBB;background:#BBBBBB;padding:0px 3px;} .spoiler:hover, .spoiler:active, .spoiler-shown {color:#000000;background:#E2E2E2;padding:0px 3px;} .spoiler a {color:#BBBBBB;} .spoiler:hover a, .spoiler:active a, .spoiler-shown a {color:#2288CC;} .chat code, .chat .spoiler:hover code, .chat .spoiler:active code, .chat .spoiler-shown code {border:1px solid #C0C0C0;background:#EEEEEE;color:black;padding:0 2px;} .chat .spoiler code {border:1px solid #CCCCCC;background:#CCCCCC;color:#CCCCCC;} .battle-log .rated {padding:3px 4px;} .battle-log .rated strong {color:white;background:#89A;padding:1px 4px;border-radius:4px;} .spacer {margin-top:0.5em;} .message-announce {background:#6688AA;color:white;padding:1px 4px 2px;} .message-announce a, .broadcast-green a, .broadcast-blue a, .broadcast-red a {color:#DDEEFF;} .broadcast-green {background-color:#559955;color:white;padding:2px 4px;} .broadcast-blue {background-color:#6688AA;color:white;padding:2px 4px;} .infobox {border:1px solid #6688AA;padding:2px 4px;} .infobox-limited {max-height:200px;overflow:auto;overflow-x:hidden;} .broadcast-red {background-color:#AA5544;color:white;padding:2px 4px;} .message-learn-canlearn {font-weight:bold;color:#228822;text-decoration:underline;} .message-learn-cannotlearn {font-weight:bold;color:#CC2222;text-decoration:underline;} .message-effect-weak {font-weight:bold;color:#CC2222;} .message-effect-resist {font-weight:bold;color:#6688AA;} .message-effect-immune {font-weight:bold;color:#666666;} .message-learn-list {margin-top:0;margin-bottom:0;} .message-throttle-notice, .message-error {color:#992222;} .message-overflow, .chat small.message-overflow {font-size:0pt;} .message-overflow::before {font-size:9pt;content:'...';} .subtle {color:#3A4A66;}
</style>
<div class="wrapper replay-wrapper" style="max-width:1180px;margin:0 auto">
<input type="hidden" name="replayid" value="dragonheaven-gen3hoenngaiden-3" />
<div class="battle"></div><div class="battle-log"></div><div class="replay-controls"></div><div class="replay-controls-2"></div>
<h1 style="font-weight:normal;text-align:center"><strong>[Gen 3] Hoenn Gaiden</strong><br /><a href="http://pokemonshowdown.com/users/447323a" class="subtle" target="_blank">447323a</a> vs. <a href="http://pokemonshowdown.com/users/lrxc" class="subtle" target="_blank">LRXC ✔</a></h1>
<script type="text/plain" class="battle-log-data">|j|☆447323a
|j|☆LRXC ✔
|t:|1653580827
|player|p1|447323a|skier|
|player|p2|LRXC ✔|wulfric|
|teamsize|p1|6
|teamsize|p2|6
|gametype|singles
|gen|3
|tier|[Gen 3] Hoenn Gaiden
|rule|Sleep Clause Mod: Limit one foe put to sleep
|rule|Switch Priority Clause Mod: Faster Pokémon switch first
|rule|Species Clause: Limit one of each Pokémon
|rule|OHKO Clause: OHKO moves are banned
|rule|Moody Clause: Moody is banned
|rule|Evasion Moves Clause: Evasion moves are banned
|rule|Endless Battle Clause: Forcing endless battles is banned
|rule|HP Percentage Mod: HP is shown in percentages
|raw|<img src="https:\/\/cdn.discordapp.com\/attachments\/510822010922860545\/864665757446045716\/Hoenn_Gaiden_Banner.png" height="213" width="381">
|-message|Welcome to Hoenn Gaiden!
|-message|This is a [Gen 3] OU-based format where we add later generation Pokemon, items, moves, and abilities, as well as change up existing ones!
|-message|You can find our thread and metagame resources here:
|-message|https:\/\/www.smogon.com\/forums\/threads\/hoenn-gaiden-pet-mod-of-the-season-slate-8-concept-voting.3681339\/
|
|t:|1653580827
|start
|switch|p1a: Piloswine|Piloswine, F|100\/100
|switch|p2a: BOOTY TAPE|Suicune|100\/100
|-start|p2a: BOOTY TAPE|typechange|Water|[silent]
|raw|<ul class="utilichart"><li class="result"><span class="col pokemonnamecol" style="white-space: nowrap">Suicune<\/span> <span class="col typecol"><img src="https:\/\/dragonheaven.herokuapp.com\/sprites\/types\/Water.png" alt="Water" height="14" width="32"><\/span> <span style="float: left ; min-height: 26px"><span class="col abilitycol">Pressure<\/span><span class="col abilitycol"><\/span><\/span><\/li><li style="clear: both"><\/li><\/ul>
|raw|<ul class="utilichart"><li class="result"><span style="float: left ; min-height: 26px"><span class="col statcol"><em>HP<\/em><br>100<\/span> <span class="col statcol"><em>Atk<\/em><br>75<\/span> <span class="col statcol"><em>Def<\/em><br>115<\/span> <span class="col statcol"><em>SpA<\/em><br>90<\/span> <span class="col statcol"><em>SpD<\/em><br>115<\/span> <span class="col statcol"><em>Spe<\/em><br>85<\/span> <\/span><\/li><li style="clear: both"><\/li><\/ul>
|-start|p1a: Piloswine|typechange|Ice\/Ground|[silent]
|raw|<ul class="utilichart"><li class="result"><span class="col pokemonnamecol" style="white-space: nowrap">Piloswine<\/span> <span class="col typecol"><img src="https:\/\/dragonheaven.herokuapp.com\/sprites\/types\/Ice.png" alt="Ice" height="14" width="32"><img src="https:\/\/dragonheaven.herokuapp.com\/sprites\/types\/Ground.png" alt="Ground" height="14" width="32"><\/span> <span style="float: left ; min-height: 26px"><span class="col abilitycol">Thick Fat \/ Ice Body<\/span><span class="col abilitycol"><\/span><\/span><\/li><li style="clear: both"><\/li><\/ul>
|raw|<ul class="utilichart"><li class="result"><span style="float: left ; min-height: 26px"><span class="col statcol"><em>HP<\/em><br>100<\/span> <span class="col statcol"><em>Atk<\/em><br>100<\/span> <span class="col statcol"><em>Def<\/em><br>95<\/span> <span class="col statcol"><em>SpA<\/em><br>100<\/span> <span class="col statcol"><em>SpD<\/em><br>75<\/span> <span class="col statcol"><em>Spe<\/em><br>50<\/span> <\/span><\/li><li style="clear: both"><\/li><\/ul>
|turn|1
|inactive|Battle timer is ON: inactive players will automatically lose when time's up. (requested by 447323a)
|c|☆447323a|glhf
|c|☆LRXC ✔|u2u2
|
|t:|1653580857
|switch|p1a: Toxicroak|Toxicroak, M|100\/100
|-start|p1a: Toxicroak|typechange|Poison\/Fighting|[silent]
|raw|<ul class="utilichart"><li class="result"><span class="col pokemonnamecol" style="white-space: nowrap">Toxicroak<\/span> <span class="col typecol"><img src="https:\/\/dragonheaven.herokuapp.com\/sprites\/types\/Poison.png" alt="Poison" height="14" width="32"><img src="https:\/\/dragonheaven.herokuapp.com\/sprites\/types\/Fighting.png" alt="Fighting" height="14" width="32"><\/span> <span style="float: left ; min-height: 26px"><span class="col abilitycol">Inner Focus \/ Water Absorb<\/span><span class="col abilitycol"><\/span><\/span><\/li><li style="clear: both"><\/li><\/ul>
|raw|<ul class="utilichart"><li class="result"><span style="float: left ; min-height: 26px"><span class="col statcol"><em>HP<\/em><br>83<\/span> <span class="col statcol"><em>Atk<\/em><br>106<\/span> <span class="col statcol"><em>Def<\/em><br>65<\/span> <span class="col statcol"><em>SpA<\/em><br>86<\/span> <span class="col statcol"><em>SpD<\/em><br>65<\/span> <span class="col statcol"><em>Spe<\/em><br>85<\/span> <\/span><\/li><li style="clear: both"><\/li><\/ul>
|move|p2a: BOOTY TAPE|Surf|p1a: Toxicroak
|-immune|p1a: Toxicroak|[from] ability: Water Absorb
|
|upkeep
|turn|2
|j|+G-Luke
|c|+G-Luke|Let's gooo Hexcode
|inactive|LRXC ✔ has 270 seconds left.
|
|t:|1653580894
|switch|p2a: LOVE SONG|Raichu-Alola, M|100\/100
|-start|p2a: LOVE SONG|typechange|Electric\/Psychic|[silent]
|raw|<ul class="utilichart"><li class="result"><span class="col pokemonnamecol" style="white-space: nowrap">Raichu-Alola<\/span> <span class="col typecol"><img src="https:\/\/dragonheaven.herokuapp.com\/sprites\/types\/Electric.png" alt="Electric" height="14" width="32"><img src="https:\/\/dragonheaven.herokuapp.com\/sprites\/types\/Psychic.png" alt="Psychic" height="14" width="32"><\/span> <span style="float: left ; min-height: 26px"><span class="col abilitycol">Levitate<\/span><span class="col abilitycol"><\/span><\/span><\/li><li style="clear: both"><\/li><\/ul>
|raw|<ul class="utilichart"><li class="result"><span style="float: left ; min-height: 26px"><span class="col statcol"><em>HP<\/em><br>60<\/span> <span class="col statcol"><em>Atk<\/em><br>85<\/span> <span class="col statcol"><em>Def<\/em><br>50<\/span> <span class="col statcol"><em>SpA<\/em><br>95<\/span> <span class="col statcol"><em>SpD<\/em><br>85<\/span> <span class="col statcol"><em>Spe<\/em><br>110<\/span> <\/span><\/li><li style="clear: both"><\/li><\/ul>
|move|p1a: Toxicroak|Circle Throw|p2a: LOVE SONG
|-resisted|p2a: LOVE SONG
|-damage|p2a: LOVE SONG|64\/100
|drag|p2a: BOOTY TAPE|Suicune|100\/100
|-start|p2a: BOOTY TAPE|typechange|Water|[silent]
|
|upkeep
|turn|3
|inactive|LRXC ✔ has 270 seconds left.
|
|t:|1653580908
|move|p1a: Toxicroak|Shadow Ball|p2a: BOOTY TAPE
|-damage|p2a: BOOTY TAPE|81\/100
|move|p2a: BOOTY TAPE|Rain Dance|p2a: BOOTY TAPE
|-weather|RainDance
|
|-weather|RainDance|[upkeep]
|-heal|p2a: BOOTY TAPE|88\/100|[from] item: Leftovers
|upkeep
|turn|4
|inactive|LRXC ✔ has 270 seconds left.
|
|t:|1653580924
|switch|p2a: TRIANGLE MAN|Jirachi|100\/100
|move|p1a: Toxicroak|Sludge Bomb|p2a: TRIANGLE MAN
|-immune|p2a: TRIANGLE MAN
|
|-weather|RainDance|[upkeep]
|upkeep
|turn|5
|
|t:|1653580935
|switch|p1a: Dusknoir|Dusknoir, M|100\/100
|-start|p1a: Dusknoir|typechange|Ghost|[silent]
|raw|<ul class="utilichart"><li class="result"><span class="col pokemonnamecol" style="white-space: nowrap">Dusknoir<\/span> <span class="col typecol"><img src="https:\/\/dragonheaven.herokuapp.com\/sprites\/types\/Ghost.png" alt="Ghost" height="14" width="32"><\/span> <span style="float: left ; min-height: 26px"><span class="col abilitycol">Pressure \/ Sand Veil<\/span><span class="col abilitycol"><\/span><\/span><\/li><li style="clear: both"><\/li><\/ul>
|raw|<ul class="utilichart"><li class="result"><span style="float: left ; min-height: 26px"><span class="col statcol"><em>HP<\/em><br>55<\/span> <span class="col statcol"><em>Atk<\/em><br>100<\/span> <span class="col statcol"><em>Def<\/em><br>135<\/span> <span class="col statcol"><em>SpA<\/em><br>75<\/span> <span class="col statcol"><em>SpD<\/em><br>135<\/span> <span class="col statcol"><em>Spe<\/em><br>45<\/span> <\/span><\/li><li style="clear: both"><\/li><\/ul>
|move|p2a: TRIANGLE MAN|Thunder|p1a: Dusknoir
|-damage|p1a: Dusknoir|77\/100
|-status|p1a: Dusknoir|par
|
|-weather|RainDance|[upkeep]
|-heal|p1a: Dusknoir|83\/100 par|[from] item: Leftovers
|upkeep
|turn|6
|inactive|LRXC ✔ has 240 seconds left.
|
|t:|1653580976
|move|p2a: TRIANGLE MAN|Calm Mind|p2a: TRIANGLE MAN
|-boost|p2a: TRIANGLE MAN|spa|1
|-boost|p2a: TRIANGLE MAN|spd|1
|cant|p1a: Dusknoir|par
|
|-weather|RainDance|[upkeep]
|-heal|p1a: Dusknoir|89\/100 par|[from] item: Leftovers
|upkeep
|turn|7
|
|t:|1653580983
|move|p2a: TRIANGLE MAN|Thunder|p1a: Dusknoir
|-damage|p1a: Dusknoir|54\/100 par
|move|p1a: Dusknoir|Earthquake|p2a: TRIANGLE MAN
|-supereffective|p2a: TRIANGLE MAN
|-damage|p2a: TRIANGLE MAN|64\/100
|
|-weather|none
|-heal|p2a: TRIANGLE MAN|70\/100|[from] item: Leftovers
|-heal|p1a: Dusknoir|60\/100 par|[from] item: Leftovers
|upkeep
|turn|8
|inactive|LRXC ✔ has 240 seconds left.
|
|t:|1653580990
|move|p2a: TRIANGLE MAN|Wish|p2a: TRIANGLE MAN
|move|p1a: Dusknoir|Earthquake|p2a: TRIANGLE MAN
|-supereffective|p2a: TRIANGLE MAN
|-damage|p2a: TRIANGLE MAN|28\/100
|
|-heal|p2a: TRIANGLE MAN|35\/100|[from] item: Leftovers
|-heal|p1a: Dusknoir|66\/100 par|[from] item: Leftovers
|upkeep
|turn|9
|inactive|LRXC ✔ has 240 seconds left.
|
|t:|1653581021
|switch|p2a: LUDIYOLOOO|Ludicolo, M|100\/100
|-start|p2a: LUDIYOLOOO|typechange|Water\/Grass|[silent]
|raw|<ul class="utilichart"><li class="result"><span class="col pokemonnamecol" style="white-space: nowrap">Ludicolo<\/span> <span class="col typecol"><img src="https:\/\/dragonheaven.herokuapp.com\/sprites\/types\/Water.png" alt="Water" height="14" width="32"><img src="https:\/\/dragonheaven.herokuapp.com\/sprites\/types\/Grass.png" alt="Grass" height="14" width="32"><\/span> <span style="float: left ; min-height: 26px"><span class="col abilitycol">Swift Swim \/ Rain Dish<\/span><span class="col abilitycol"><\/span><\/span><\/li><li style="clear: both"><\/li><\/ul>
|raw|<ul class="utilichart"><li class="result"><span style="float: left ; min-height: 26px"><span class="col statcol"><em>HP<\/em><br>80<\/span> <span class="col statcol"><em>Atk<\/em><br>70<\/span> <span class="col statcol"><em>Def<\/em><br>70<\/span> <span class="col statcol"><em>SpA<\/em><br>90<\/span> <span class="col statcol"><em>SpD<\/em><br>100<\/span> <span class="col statcol"><em>Spe<\/em><br>70<\/span> <\/span><\/li><li style="clear: both"><\/li><\/ul>
|move|p1a: Dusknoir|Will-O-Wisp|p2a: LUDIYOLOOO
|-status|p2a: LUDIYOLOOO|brn
|
|-heal|p1a: Dusknoir|72\/100 par|[from] item: Leftovers
|-damage|p2a: LUDIYOLOOO|88\/100 brn|[from] brn
|upkeep
|turn|10
|
|t:|1653581036
|switch|p2a: LOVE SONG|Raichu-Alola, M|64\/100
|-start|p2a: LOVE SONG|typechange|Electric\/Psychic|[silent]
|move|p1a: Dusknoir|Shadow Ball|p2a: LOVE SONG
|-supereffective|p2a: LOVE SONG
|-damage|p2a: LOVE SONG|0 fnt
|faint|p2a: LOVE SONG
|inactive|LRXC ✔ has 210 seconds left.
|c|+G-Luke|Common Manicuno w
|
|t:|1653581058
|switch|p2a: LUDIYOLOOO|Ludicolo, M|88\/100 brn
|-start|p2a: LUDIYOLOOO|typechange|Water\/Grass|[silent]
|
|-heal|p2a: LUDIYOLOOO|94\/100 brn|[from] item: Leftovers
|-heal|p1a: Dusknoir|78\/100 par|[from] item: Leftovers
|-damage|p2a: LUDIYOLOOO|82\/100 brn|[from] brn
|upkeep
|turn|11
|
|t:|1653581061
|move|p2a: LUDIYOLOOO|Rain Dance|p2a: LUDIYOLOOO
|-weather|RainDance
|cant|p1a: Dusknoir|par
|
|-weather|RainDance|[upkeep]
|-heal|p2a: LUDIYOLOOO|88\/100 brn|[from] item: Leftovers
|-heal|p1a: Dusknoir|84\/100 par|[from] item: Leftovers
|-damage|p2a: LUDIYOLOOO|76\/100 brn|[from] brn
|upkeep
|turn|12
|
|t:|1653581066
|move|p2a: LUDIYOLOOO|Hydro Pump|p1a: Dusknoir
|-damage|p1a: Dusknoir|21\/100 par
|move|p1a: Dusknoir|Shadow Ball|p2a: LUDIYOLOOO
|-damage|p2a: LUDIYOLOOO|29\/100 brn
|-unboost|p2a: LUDIYOLOOO|spd|1
|
|-weather|RainDance|[upkeep]
|-heal|p2a: LUDIYOLOOO|35\/100 brn|[from] item: Leftovers
|-heal|p1a: Dusknoir|27\/100 par|[from] item: Leftovers
|-damage|p2a: LUDIYOLOOO|23\/100 brn|[from] brn
|upkeep
|turn|13
|
|t:|1653581079
|move|p2a: LUDIYOLOOO|Giga Drain|p1a: Dusknoir
|-damage|p1a: Dusknoir|0 fnt
|-heal|p2a: LUDIYOLOOO|37\/100 brn|[from] drain|[of] p1a: Dusknoir
|faint|p1a: Dusknoir
|
|t:|1653581085
|switch|p1a: Toxicroak|Toxicroak, M|100\/100
|-start|p1a: Toxicroak|typechange|Poison\/Fighting|[silent]
|
|-weather|RainDance|[upkeep]
|-heal|p2a: LUDIYOLOOO|43\/100 brn|[from] item: Leftovers
|-damage|p2a: LUDIYOLOOO|30\/100 brn|[from] brn
|upkeep
|turn|14
|inactive|LRXC ✔ has 240 seconds left.
|
|t:|1653581106
|move|p2a: LUDIYOLOOO|Ice Beam|p1a: Toxicroak
|-damage|p1a: Toxicroak|57\/100
|move|p1a: Toxicroak|Brick Break|p2a: LUDIYOLOOO
|-crit|p2a: LUDIYOLOOO
|-damage|p2a: LUDIYOLOOO|0 fnt
|faint|p2a: LUDIYOLOOO
|
|t:|1653581112
|switch|p2a: DUGTROI|Dugtrio, M|100\/100
|-start|p2a: DUGTROI|typechange|Ground|[silent]
|raw|<ul class="utilichart"><li class="result"><span class="col pokemonnamecol" style="white-space: nowrap">Dugtrio<\/span> <span class="col typecol"><img src="https:\/\/dragonheaven.herokuapp.com\/sprites\/types\/Ground.png" alt="Ground" height="14" width="32"><\/span> <span style="float: left ; min-height: 26px"><span class="col abilitycol">Sand Veil \/ Arena Trap<\/span><span class="col abilitycol"><\/span><\/span><\/li><li style="clear: both"><\/li><\/ul>
|raw|<ul class="utilichart"><li class="result"><span style="float: left ; min-height: 26px"><span class="col statcol"><em>HP<\/em><br>35<\/span> <span class="col statcol"><em>Atk<\/em><br>80<\/span> <span class="col statcol"><em>Def<\/em><br>50<\/span> <span class="col statcol"><em>SpA<\/em><br>50<\/span> <span class="col statcol"><em>SpD<\/em><br>70<\/span> <span class="col statcol"><em>Spe<\/em><br>120<\/span> <\/span><\/li><li style="clear: both"><\/li><\/ul>
|
|-weather|RainDance|[upkeep]
|upkeep
|turn|15
|
|t:|1653581120
|move|p2a: DUGTROI|Earthquake|p1a: Toxicroak
|-supereffective|p1a: Toxicroak
|-crit|p1a: Toxicroak
|-enditem|p1a: Toxicroak|Shuca Berry|[eat]
|-enditem|p1a: Toxicroak|Shuca Berry|[weaken]
|-damage|p1a: Toxicroak|0 fnt
|faint|p1a: Toxicroak
|
|t:|1653581130
|switch|p1a: Eelektross|Eelektross, M|100\/100
|
|-weather|none
|upkeep
|turn|16
|inactive|LRXC ✔ has 240 seconds left.
|inactive|LRXC ✔ has 210 seconds left.
|inactive|LRXC ✔ has 180 seconds left.
|inactive|LRXC ✔ has 150 seconds left.

|inactive|LRXC ✔ has 120 seconds left.
|j|~scoopapa
|
|t:|1653581278
|switch|p2a: TRIANGLE MAN|Jirachi|35\/100
|move|p1a: Eelektross|Giga Drain|p2a: TRIANGLE MAN
|-resisted|p2a: TRIANGLE MAN
|-damage|p2a: TRIANGLE MAN|25\/100
|
|-heal|p2a: TRIANGLE MAN|31\/100|[from] item: Leftovers
|upkeep
|turn|17
|inactive|LRXC ✔ has 90 seconds left.
|
|t:|1653581314
|move|p2a: TRIANGLE MAN|Wish|p2a: TRIANGLE MAN
|move|p1a: Eelektross|Flamethrower|p2a: TRIANGLE MAN
|-supereffective|p2a: TRIANGLE MAN
|-damage|p2a: TRIANGLE MAN|0 fnt
|faint|p2a: TRIANGLE MAN
|
|t:|1653581319
|switch|p2a: BOOTY TAPE|Suicune|88\/100
|-start|p2a: BOOTY TAPE|typechange|Water|[silent]
|
|-heal|p2a: BOOTY TAPE|94\/100|[from] item: Leftovers
|upkeep
|turn|18
|
|t:|1653581323
|move|p2a: BOOTY TAPE|Calm Mind|p2a: BOOTY TAPE
|-boost|p2a: BOOTY TAPE|spa|1
|-boost|p2a: BOOTY TAPE|spd|1
|move|p1a: Eelektross|Thunderbolt|p2a: BOOTY TAPE
|-supereffective|p2a: BOOTY TAPE
|-damage|p2a: BOOTY TAPE|39\/100
|-status|p2a: BOOTY TAPE|par
|
|-heal|p2a: BOOTY TAPE|89\/100 par|[from] move: Wish|[wisher] TRIANGLE MAN
|-heal|p2a: BOOTY TAPE|95\/100 par|[from] item: Leftovers
|upkeep
|turn|19
|inactive|LRXC ✔ has 90 seconds left.
|c|☆447323a|sorry
|
|t:|1653581342
|move|p1a: Eelektross|Thunderbolt|p2a: BOOTY TAPE
|-supereffective|p2a: BOOTY TAPE
|-damage|p2a: BOOTY TAPE|35\/100 par
|move|p2a: BOOTY TAPE|Calm Mind|p2a: BOOTY TAPE
|-boost|p2a: BOOTY TAPE|spa|1
|-boost|p2a: BOOTY TAPE|spd|1
|
|-heal|p2a: BOOTY TAPE|42\/100 par|[from] item: Leftovers
|upkeep
|turn|20
|
|t:|1653581350
|move|p1a: Eelektross|Thunderbolt|p2a: BOOTY TAPE
|-supereffective|p2a: BOOTY TAPE
|-damage|p2a: BOOTY TAPE|0 fnt
|faint|p2a: BOOTY TAPE
|
|t:|1653581355
|switch|p2a: STOP MALDING|Armaldo, F|100\/100
|-start|p2a: STOP MALDING|typechange|Rock\/Bug|[silent]
|raw|<ul class="utilichart"><li class="result"><span class="col pokemonnamecol" style="white-space: nowrap">Armaldo<\/span> <span class="col typecol"><img src="https:\/\/dragonheaven.herokuapp.com\/sprites\/types\/Rock.png" alt="Rock" height="14" width="32"><img src="https:\/\/dragonheaven.herokuapp.com\/sprites\/types\/Bug.png" alt="Bug" height="14" width="32"><\/span> <span style="float: left ; min-height: 26px"><span class="col abilitycol">Swift Swim \/ Analytic<\/span><span class="col abilitycol"><\/span><\/span><\/li><li style="clear: both"><\/li><\/ul>
|raw|<ul class="utilichart"><li class="result"><span style="float: left ; min-height: 26px"><span class="col statcol"><em>HP<\/em><br>75<\/span> <span class="col statcol"><em>Atk<\/em><br>125<\/span> <span class="col statcol"><em>Def<\/em><br>100<\/span> <span class="col statcol"><em>SpA<\/em><br>45<\/span> <span class="col statcol"><em>SpD<\/em><br>79<\/span> <span class="col statcol"><em>Spe<\/em><br>71<\/span> <\/span><\/li><li style="clear: both"><\/li><\/ul>
|
|upkeep
|turn|21
|
|t:|1653581359
|move|p2a: STOP MALDING|Swords Dance|p2a: STOP MALDING
|-boost|p2a: STOP MALDING|atk|2
|move|p1a: Eelektross|Thunderbolt|p2a: STOP MALDING
|-damage|p2a: STOP MALDING|43\/100
|
|-heal|p2a: STOP MALDING|49\/100|[from] item: Leftovers
|upkeep
|turn|22
|
|t:|1653581363
|move|p2a: STOP MALDING|Signal Beam|p1a: Eelektross
|-damage|p1a: Eelektross|13\/100
|move|p1a: Eelektross|Thunderbolt|p2a: STOP MALDING
|-damage|p2a: STOP MALDING|0 fnt
|faint|p2a: STOP MALDING
|inactive|LRXC ✔ has 120 seconds left.
|
|t:|1653581368
|switch|p2a: DUGTROI|Dugtrio, M|100\/100
|-start|p2a: DUGTROI|typechange|Ground|[silent]
|
|upkeep
|turn|23
|
|t:|1653581371
|move|p2a: DUGTROI|Rock Slide|p1a: Eelektross
|-crit|p1a: Eelektross
|-damage|p1a: Eelektross|0 fnt
|faint|p1a: Eelektross
|
|t:|1653581375
|switch|p1a: Piloswine|Piloswine, F|100\/100
|-start|p1a: Piloswine|typechange|Ice\/Ground|[silent]
|
|upkeep
|turn|24
|
|t:|1653581378
|move|p2a: DUGTROI|Rock Slide|p1a: Piloswine
|-damage|p1a: Piloswine|83\/100
|move|p1a: Piloswine|Ice Beam|p2a: DUGTROI
|-supereffective|p2a: DUGTROI
|-damage|p2a: DUGTROI|0 fnt
|faint|p2a: DUGTROI
|
|win|447323a
|c|☆447323a|gg
|c|☆LRXC ✔|gg
|l|☆447323a
|c|+G-Luke|🔥🔥🔥🔥🔥</script>
</div>
<div class="battle-log battle-log-inline"><div class="inner"><div class="battle-options"><div style="padding-top: 3px; padding-right: 3px; text-align: right"><button class="icon button" name="openBattleOptions" title="Options">Battle Options</button></div></div><div class="inner message-log"><div class="chat"><small>~scoopapa, ☆447323a, and ☆LRXC ✔ joined</small></div><div class=""><small>Format:</small> <br><strong>[Gen 3] Hoenn Gaiden</strong></div><div class=""><small><em>Sleep Clause Mod:</em> Limit one foe put to sleep</small></div><div class=""><small><em>Switch Priority Clause Mod:</em> Faster Pokémon switch first</small></div><div class=""><small><em>Species Clause:</em> Limit one of each Pokémon</small></div><div class=""><small><em>OHKO Clause:</em> OHKO moves are banned</small></div><div class=""><small><em>Moody Clause:</em> Moody is banned</small></div><div class=""><small><em>Evasion Moves Clause:</em> Evasion moves are banned</small></div><div class=""><small><em>Endless Battle Clause:</em> Forcing endless battles is banned</small></div><div class=""><small><em>HP Percentage Mod:</em> HP is shown in percentages</small></div><div class="chat"><img src="https://cdn.discordapp.com/attachments/510822010922860545/864665757446045716/Hoenn_Gaiden_Banner.png" height="213" width="381"></div><div class="spacer battle-history"><br></div><div class="battle-history"><small>Welcome to Hoenn Gaiden!</small><br></div><div class="battle-history"><small>This is a [Gen 3] OU-based format where we add later generation Pokemon, items, moves, and abilities, as well as change up existing ones!</small><br></div><div class="battle-history"><small>You can find our thread and metagame resources here:</small><br></div><div class="battle-history"><small>https://www.smogon.com/forums/threads/hoenn-gaiden-pet-mod-of-the-season-slate-8-concept-voting.3681339/</small><br></div><div class="spacer battle-history"><br></div><div class="battle-history">Battle started between 447323a and LRXC ✔!<br></div><div class="spacer battle-history"><br></div><div class="battle-history">Go! <strong>Piloswine</strong>!<br></div><div class="spacer battle-history"><br></div><div class="battle-history">LRXC ✔ sent out BOOTY TAPE (<strong>Suicune</strong>)!<br></div><div class="chat"><ul class="utilichart"><li class="result"><span class="col pokemonnamecol" style="white-space: nowrap">Suicune</span> <span class="col typecol"><img src="https://dragonheaven.herokuapp.com/sprites/types/Water.png" alt="Water" height="14" width="32"></span> <span style="float: left ; min-height: 26px"><span class="col abilitycol">Pressure</span><span class="col abilitycol"></span></span></li><li style="clear: both"></li></ul></div><div class="chat"><ul class="utilichart"><li class="result"><span style="float: left ; min-height: 26px"><span class="col statcol"><em>HP</em><br>100</span> <span class="col statcol"><em>Atk</em><br>75</span> <span class="col statcol"><em>Def</em><br>115</span> <span class="col statcol"><em>SpA</em><br>90</span> <span class="col statcol"><em>SpD</em><br>115</span> <span class="col statcol"><em>Spe</em><br>85</span> </span></li><li style="clear: both"></li></ul></div><div class="chat"><ul class="utilichart"><li class="result"><span class="col pokemonnamecol" style="white-space: nowrap">Piloswine</span> <span class="col typecol"><img src="https://dragonheaven.herokuapp.com/sprites/types/Ice.png" alt="Ice" height="14" width="32"><img src="https://dragonheaven.herokuapp.com/sprites/types/Ground.png" alt="Ground" height="14" width="32"></span> <span style="float: left ; min-height: 26px"><span class="col abilitycol">Thick Fat / Ice Body</span><span class="col abilitycol"></span></span></li><li style="clear: both"></li></ul></div><div class="chat"><ul class="utilichart"><li class="result"><span style="float: left ; min-height: 26px"><span class="col statcol"><em>HP</em><br>100</span> <span class="col statcol"><em>Atk</em><br>100</span> <span class="col statcol"><em>Def</em><br>95</span> <span class="col statcol"><em>SpA</em><br>100</span> <span class="col statcol"><em>SpD</em><br>75</span> <span class="col statcol"><em>Spe</em><br>50</span> </span></li><li style="clear: both"></li></ul></div><div class="spacer battle-history"><br></div><h2 class="battle-history">Turn 1</h2><div class="chat message-error">Battle timer is ON: inactive players will automatically lose when time's up. (requested by 447323a)</div><div class="chat chatmessage-447323a"><strong style="color:#ad7131"><small>☆</small><span class="username" data-name="447323a">447323a</span>:</strong> <em>glhf</em></div><div class="chat chatmessage-lrxc"><strong style="color:#7261d0"><small>☆</small><span class="username" data-name="LRXC ✔">LRXC ✔</span>:</strong> <em>u2u2</em></div><div class="spacer battle-history"><br></div><div class="battle-history">Piloswine, come back!<br></div><div class="battle-history">Go! <strong>Toxicroak</strong>!<br></div><div class="chat"><ul class="utilichart"><li class="result"><span class="col pokemonnamecol" style="white-space: nowrap">Toxicroak</span> <span class="col typecol"><img src="https://dragonheaven.herokuapp.com/sprites/types/Poison.png" alt="Poison" height="14" width="32"><img src="https://dragonheaven.herokuapp.com/sprites/types/Fighting.png" alt="Fighting" height="14" width="32"></span> <span style="float: left ; min-height: 26px"><span class="col abilitycol">Inner Focus / Water Absorb</span><span class="col abilitycol"></span></span></li><li style="clear: both"></li></ul></div><div class="chat"><ul class="utilichart"><li class="result"><span style="float: left ; min-height: 26px"><span class="col statcol"><em>HP</em><br>83</span> <span class="col statcol"><em>Atk</em><br>106</span> <span class="col statcol"><em>Def</em><br>65</span> <span class="col statcol"><em>SpA</em><br>86</span> <span class="col statcol"><em>SpD</em><br>65</span> <span class="col statcol"><em>Spe</em><br>85</span> </span></li><li style="clear: both"></li></ul></div><div class="spacer battle-history"><br></div><div class="battle-history">The opposing BOOTY TAPE used <strong>Surf</strong>!<br></div><div class="battle-history">[Toxicroak's Water Absorb]<br><small>It doesn't affect Toxicroak...</small><br></div><div class="spacer battle-history"><br></div><h2 class="battle-history">Turn 2</h2><div class="chat"><small>+G-Luke joined</small></div><div class="chat chatmessage-gluke"><strong style="color:#8d7d11"><small>+</small><span class="username" data-name="G-Luke">G-Luke</span>:</strong> <em>Let's gooo Hexcode</em></div><div class="chat message-error">LRXC ✔ has 270 seconds left.</div><div class="spacer battle-history"><br></div><div class="battle-history">LRXC ✔ withdrew BOOTY TAPE!<br></div><div class="battle-history">LRXC ✔ sent out LOVE SONG (<strong>Raichu-Alola</strong>)!<br></div><div class="chat"><ul class="utilichart"><li class="result"><span class="col pokemonnamecol" style="white-space: nowrap">Raichu-Alola</span> <span class="col typecol"><img src="https://dragonheaven.herokuapp.com/sprites/types/Electric.png" alt="Electric" height="14" width="32"><img src="https://dragonheaven.herokuapp.com/sprites/types/Psychic.png" alt="Psychic" height="14" width="32"></span> <span style="float: left ; min-height: 26px"><span class="col abilitycol">Levitate</span><span class="col abilitycol"></span></span></li><li style="clear: both"></li></ul></div><div class="chat"><ul class="utilichart"><li class="result"><span style="float: left ; min-height: 26px"><span class="col statcol"><em>HP</em><br>60</span> <span class="col statcol"><em>Atk</em><br>85</span> <span class="col statcol"><em>Def</em><br>50</span> <span class="col statcol"><em>SpA</em><br>95</span> <span class="col statcol"><em>SpD</em><br>85</span> <span class="col statcol"><em>Spe</em><br>110</span> </span></li><li style="clear: both"></li></ul></div><div class="spacer battle-history"><br></div><div class="battle-history">Toxicroak used <strong>Circle Throw</strong>!<br></div><div class="battle-history"><small>It's not very effective...</small><br></div><div class="battle-history"><small>(The opposing LOVE SONG lost 36% of its health!)</small><br></div><div class="spacer battle-history"><br></div><div class="battle-history">BOOTY TAPE (<strong>Suicune</strong>) was dragged out!<br></div><div class="spacer battle-history"><br></div><h2 class="battle-history">Turn 3</h2><div class="chat message-error">LRXC ✔ has 270 seconds left.</div><div class="spacer battle-history"><br></div><div class="battle-history">Toxicroak used <strong>Shadow Ball</strong>!<br></div><div class="battle-history"><small>(The opposing BOOTY TAPE lost 19% of its health!)</small><br></div><div class="spacer battle-history"><br></div><div class="battle-history">The opposing BOOTY TAPE used <strong>Rain Dance</strong>!<br></div><div class="battle-history"><small>It started to rain!</small><br></div><div class="spacer battle-history"><br></div><div class="battle-history"><small>(Rain continues to fall.)</small><br></div><div class="battle-history"><small>The opposing BOOTY TAPE restored a little HP using its Leftovers!</small><br></div><div class="spacer battle-history"><br></div><h2 class="battle-history">Turn 4</h2><div class="chat message-error">LRXC ✔ has 270 seconds left.</div><div class="spacer battle-history"><br></div><div class="battle-history">LRXC ✔ withdrew BOOTY TAPE!<br></div><div class="battle-history">LRXC ✔ sent out TRIANGLE MAN (<strong>Jirachi</strong>)!<br></div><div class="spacer battle-history"><br></div><div class="battle-history">Toxicroak used <strong>Sludge Bomb</strong>!<br></div><div class="battle-history"><small>It doesn't affect the opposing TRIANGLE MAN...</small><br></div><div class="spacer battle-history"><br></div><div class="battle-history"><small>(Rain continues to fall.)</small><br></div><div class="spacer battle-history"><br></div><h2 class="battle-history">Turn 5</h2><div class="spacer battle-history"><br></div><div class="battle-history">Toxicroak, come back!<br></div><div class="battle-history">Go! <strong>Dusknoir</strong>!<br></div><div class="chat"><ul class="utilichart"><li class="result"><span class="col pokemonnamecol" style="white-space: nowrap">Dusknoir</span> <span class="col typecol"><img src="https://dragonheaven.herokuapp.com/sprites/types/Ghost.png" alt="Ghost" height="14" width="32"></span> <span style="float: left ; min-height: 26px"><span class="col abilitycol">Pressure / Sand Veil</span><span class="col abilitycol"></span></span></li><li style="clear: both"></li></ul></div><div class="chat"><ul class="utilichart"><li class="result"><span style="float: left ; min-height: 26px"><span class="col statcol"><em>HP</em><br>55</span> <span class="col statcol"><em>Atk</em><br>100</span> <span class="col statcol"><em>Def</em><br>135</span> <span class="col statcol"><em>SpA</em><br>75</span> <span class="col statcol"><em>SpD</em><br>135</span> <span class="col statcol"><em>Spe</em><br>45</span> </span></li><li style="clear: both"></li></ul></div><div class="spacer battle-history"><br></div><div class="battle-history">The opposing TRIANGLE MAN used <strong>Thunder</strong>!<br></div><div class="battle-history"><small>(Dusknoir lost 23% of its health!)</small><br></div><div class="battle-history"><small>Dusknoir is paralyzed! It may be unable to move!</small><br></div><div class="spacer battle-history"><br></div><div class="battle-history"><small>(Rain continues to fall.)</small><br></div><div class="battle-history"><small>Dusknoir restored a little HP using its Leftovers!</small><br></div><div class="spacer battle-history"><br></div><h2 class="battle-history">Turn 6</h2><div class="chat message-error">LRXC ✔ has 240 seconds left.</div><div class="spacer battle-history"><br></div><div class="battle-history">The opposing TRIANGLE MAN used <strong>Calm Mind</strong>!<br></div><div class="battle-history"><small>The opposing TRIANGLE MAN's Sp. Atk rose!</small><br></div><div class="battle-history"><small>The opposing TRIANGLE MAN's Sp. Def rose!</small><br></div><div class="spacer battle-history"><br></div><div class="battle-history">Dusknoir is paralyzed! It can't move!<br></div><div class="spacer battle-history"><br></div><div class="battle-history"><small>(Rain continues to fall.)</small><br></div><div class="battle-history"><small>Dusknoir restored a little HP using its Leftovers!</small><br></div><div class="spacer battle-history"><br></div><h2 class="battle-history">Turn 7</h2><div class="spacer battle-history"><br></div><div class="battle-history">The opposing TRIANGLE MAN used <strong>Thunder</strong>!<br></div><div class="battle-history"><small>(Dusknoir lost 35% of its health!)</small><br></div><div class="spacer battle-history"><br></div><div class="battle-history">Dusknoir used <strong>Earthquake</strong>!<br></div><div class="battle-history"><small>It's super effective!</small><br></div><div class="battle-history"><small>(The opposing TRIANGLE MAN lost 36% of its health!)</small><br></div><div class="spacer battle-history"><br></div><div class="battle-history"><small>The rain stopped.</small><br></div><div class="battle-history"><small>The opposing TRIANGLE MAN restored a little HP using its Leftovers!</small><br></div><div class="battle-history"><small>Dusknoir restored a little HP using its Leftovers!</small><br></div><div class="spacer battle-history"><br></div><h2 class="battle-history">Turn 8</h2><div class="chat message-error">LRXC ✔ has 240 seconds left.</div><div class="spacer battle-history"><br></div><div class="battle-history">The opposing TRIANGLE MAN used <strong>Wish</strong>!<br></div><div class="spacer battle-history"><br></div><div class="battle-history">Dusknoir used <strong>Earthquake</strong>!<br></div><div class="battle-history"><small>It's super effective!</small><br></div><div class="battle-history"><small>(The opposing TRIANGLE MAN lost 42% of its health!)</small><br></div><div class="spacer battle-history"><br></div><div class="battle-history"><small>The opposing TRIANGLE MAN restored a little HP using its Leftovers!</small><br></div><div class="battle-history"><small>Dusknoir restored a little HP using its Leftovers!</small><br></div><div class="spacer battle-history"><br></div><h2 class="battle-history">Turn 9</h2><div class="chat message-error">LRXC ✔ has 240 seconds left.</div><div class="spacer battle-history"><br></div><div class="battle-history">LRXC ✔ withdrew TRIANGLE MAN!<br></div><div class="battle-history">LRXC ✔ sent out LUDIYOLOOO (<strong>Ludicolo</strong>)!<br></div><div class="chat"><ul class="utilichart"><li class="result"><span class="col pokemonnamecol" style="white-space: nowrap">Ludicolo</span> <span class="col typecol"><img src="https://dragonheaven.herokuapp.com/sprites/types/Water.png" alt="Water" height="14" width="32"><img src="https://dragonheaven.herokuapp.com/sprites/types/Grass.png" alt="Grass" height="14" width="32"></span> <span style="float: left ; min-height: 26px"><span class="col abilitycol">Swift Swim / Rain Dish</span><span class="col abilitycol"></span></span></li><li style="clear: both"></li></ul></div><div class="chat"><ul class="utilichart"><li class="result"><span style="float: left ; min-height: 26px"><span class="col statcol"><em>HP</em><br>80</span> <span class="col statcol"><em>Atk</em><br>70</span> <span class="col statcol"><em>Def</em><br>70</span> <span class="col statcol"><em>SpA</em><br>90</span> <span class="col statcol"><em>SpD</em><br>100</span> <span class="col statcol"><em>Spe</em><br>70</span> </span></li><li style="clear: both"></li></ul></div><div class="spacer battle-history"><br></div><div class="battle-history">Dusknoir used <strong>Will-O-Wisp</strong>!<br></div><div class="battle-history"><small>The opposing LUDIYOLOOO was burned!</small><br></div><div class="spacer battle-history"><br></div><div class="battle-history"><small>Dusknoir restored a little HP using its Leftovers!</small><br></div><div class="battle-history"><small>The opposing LUDIYOLOOO was hurt by its burn!</small><br></div><div class="spacer battle-history"><br></div><h2 class="battle-history">Turn 10</h2><div class="spacer battle-history"><br></div><div class="battle-history">LRXC ✔ withdrew LUDIYOLOOO!<br></div><div class="battle-history">LRXC ✔ sent out LOVE SONG (<strong>Raichu-Alola</strong>)!<br></div><div class="spacer battle-history"><br></div><div class="battle-history">Dusknoir used <strong>Shadow Ball</strong>!<br></div><div class="battle-history"><small>It's super effective!</small><br></div><div class="battle-history"><small>(The opposing LOVE SONG lost 64% of its health!)</small><br></div><div class="spacer battle-history"><br></div><div class="battle-history">The opposing LOVE SONG fainted!<br></div><div class="chat message-error">LRXC ✔ has 210 seconds left.</div><div class="chat chatmessage-gluke"><strong style="color:#8d7d11"><small>+</small><span class="username" data-name="G-Luke">G-Luke</span>:</strong> <em>Common Manicuno w</em></div><div class="spacer battle-history"><br></div><div class="battle-history">LRXC ✔ sent out LUDIYOLOOO (<strong>Ludicolo</strong>)!<br></div><div class="spacer battle-history"><br></div><div class="battle-history"><small>The opposing LUDIYOLOOO restored a little HP using its Leftovers!</small><br></div><div class="battle-history"><small>Dusknoir restored a little HP using its Leftovers!</small><br></div><div class="battle-history"><small>The opposing LUDIYOLOOO was hurt by its burn!</small><br></div><div class="spacer battle-history"><br></div><h2 class="battle-history">Turn 11</h2><div class="spacer battle-history"><br></div><div class="battle-history">The opposing LUDIYOLOOO used <strong>Rain Dance</strong>!<br></div><div class="battle-history"><small>It started to rain!</small><br></div><div class="spacer battle-history"><br></div><div class="battle-history">Dusknoir is paralyzed! It can't move!<br></div><div class="spacer battle-history"><br></div><div class="battle-history"><small>(Rain continues to fall.)</small><br></div><div class="battle-history"><small>The opposing LUDIYOLOOO restored a little HP using its Leftovers!</small><br></div><div class="battle-history"><small>Dusknoir restored a little HP using its Leftovers!</small><br></div><div class="battle-history"><small>The opposing LUDIYOLOOO was hurt by its burn!</small><br></div><div class="spacer battle-history"><br></div><h2 class="battle-history">Turn 12</h2><div class="spacer battle-history"><br></div><div class="battle-history">The opposing LUDIYOLOOO used <strong>Hydro Pump</strong>!<br></div><div class="battle-history"><small>(Dusknoir lost 63% of its health!)</small><br></div><div class="spacer battle-history"><br></div><div class="battle-history">Dusknoir used <strong>Shadow Ball</strong>!<br></div><div class="battle-history"><small>(The opposing LUDIYOLOOO lost 47% of its health!)</small><br></div><div class="battle-history"><small>The opposing LUDIYOLOOO's Sp. Def fell!</small><br></div><div class="spacer battle-history"><br></div><div class="battle-history"><small>(Rain continues to fall.)</small><br></div><div class="battle-history"><small>The opposing LUDIYOLOOO restored a little HP using its Leftovers!</small><br></div><div class="battle-history"><small>Dusknoir restored a little HP using its Leftovers!</small><br></div><div class="battle-history"><small>The opposing LUDIYOLOOO was hurt by its burn!</small><br></div><div class="spacer battle-history"><br></div><h2 class="battle-history">Turn 13</h2><div class="spacer battle-history"><br></div><div class="battle-history">The opposing LUDIYOLOOO used <strong>Giga Drain</strong>!<br></div><div class="battle-history"><small>(Dusknoir lost 27% of its health!)</small><br></div><div class="battle-history"><small>Dusknoir had its energy drained!</small><br></div><div class="spacer battle-history"><br></div><div class="battle-history">Dusknoir fainted!<br></div><div class="spacer battle-history"><br></div><div class="battle-history">Go! <strong>Toxicroak</strong>!<br></div><div class="spacer battle-history"><br></div><div class="battle-history"><small>(Rain continues to fall.)</small><br></div><div class="battle-history"><small>The opposing LUDIYOLOOO restored a little HP using its Leftovers!</small><br></div><div class="battle-history"><small>The opposing LUDIYOLOOO was hurt by its burn!</small><br></div><div class="spacer battle-history"><br></div><h2 class="battle-history">Turn 14</h2><div class="chat message-error">LRXC ✔ has 240 seconds left.</div><div class="spacer battle-history"><br></div><div class="battle-history">The opposing LUDIYOLOOO used <strong>Ice Beam</strong>!<br></div><div class="battle-history"><small>(Toxicroak lost 43% of its health!)</small><br></div><div class="spacer battle-history"><br></div><div class="battle-history">Toxicroak used <strong>Brick Break</strong>!<br></div><div class="battle-history"><small>A critical hit!</small><br></div><div class="battle-history"><small>(The opposing LUDIYOLOOO lost 30% of its health!)</small><br></div><div class="spacer battle-history"><br></div><div class="battle-history">The opposing LUDIYOLOOO fainted!<br></div><div class="spacer battle-history"><br></div><div class="battle-history">LRXC ✔ sent out DUGTROI (<strong>Dugtrio</strong>)!<br></div><div class="chat"><ul class="utilichart"><li class="result"><span class="col pokemonnamecol" style="white-space: nowrap">Dugtrio</span> <span class="col typecol"><img src="https://dragonheaven.herokuapp.com/sprites/types/Ground.png" alt="Ground" height="14" width="32"></span> <span style="float: left ; min-height: 26px"><span class="col abilitycol">Sand Veil / Arena Trap</span><span class="col abilitycol"></span></span></li><li style="clear: both"></li></ul></div><div class="chat"><ul class="utilichart"><li class="result"><span style="float: left ; min-height: 26px"><span class="col statcol"><em>HP</em><br>35</span> <span class="col statcol"><em>Atk</em><br>80</span> <span class="col statcol"><em>Def</em><br>50</span> <span class="col statcol"><em>SpA</em><br>50</span> <span class="col statcol"><em>SpD</em><br>70</span> <span class="col statcol"><em>Spe</em><br>120</span> </span></li><li style="clear: both"></li></ul></div><div class="spacer battle-history"><br></div><div class="battle-history"><small>(Rain continues to fall.)</small><br></div><div class="spacer battle-history"><br></div><h2 class="battle-history">Turn 15</h2><div class="spacer battle-history"><br></div><div class="battle-history">The opposing DUGTROI used <strong>Earthquake</strong>!<br></div><div class="battle-history"><small>It's super effective!</small><br></div><div class="battle-history"><small>A critical hit!</small><br></div><div class="battle-history"><small>(Toxicroak ate its Shuca Berry!)</small><br></div><div class="battle-history"><small>The Shuca Berry weakened the damage to Toxicroak!</small><br></div><div class="battle-history"><small>(Toxicroak lost 57% of its health!)</small><br></div><div class="spacer battle-history"><br></div><div class="battle-history">Toxicroak fainted!<br></div><div class="spacer battle-history"><br></div><div class="battle-history">Go! <strong>Eelektross</strong>!<br></div><div class="spacer battle-history"><br></div><div class="battle-history"><small>The rain stopped.</small><br></div><div class="spacer battle-history"><br></div><h2 class="battle-history">Turn 16</h2><div class="chat message-error">LRXC ✔ has 240 seconds left.</div><div class="chat message-error">LRXC ✔ has 210 seconds left.</div><div class="chat message-error">LRXC ✔ has 180 seconds left.</div><div class="chat message-error">LRXC ✔ has 150 seconds left.</div><div class="chat message-error">LRXC ✔ has 120 seconds left.</div><div class="chat"><small>~scoopapa joined</small></div><div class="spacer battle-history"><br></div><div class="battle-history">LRXC ✔ withdrew DUGTROI!<br></div><div class="battle-history">LRXC ✔ sent out TRIANGLE MAN (<strong>Jirachi</strong>)!<br></div><div class="spacer battle-history"><br></div><div class="battle-history">Eelektross used <strong>Giga Drain</strong>!<br></div><div class="battle-history"><small>It's not very effective...</small><br></div><div class="battle-history"><small>(The opposing TRIANGLE MAN lost 10% of its health!)</small><br></div><div class="spacer battle-history"><br></div><div class="battle-history"><small>The opposing TRIANGLE MAN restored a little HP using its Leftovers!</small><br></div><div class="spacer battle-history"><br></div><h2 class="battle-history">Turn 17</h2><div class="chat message-error">LRXC ✔ has 90 seconds left.</div><div class="spacer battle-history"><br></div><div class="battle-history">The opposing TRIANGLE MAN used <strong>Wish</strong>!<br></div><div class="spacer battle-history"><br></div><div class="battle-history">Eelektross used <strong>Flamethrower</strong>!<br></div><div class="battle-history"><small>It's super effective!</small><br></div><div class="battle-history"><small>(The opposing TRIANGLE MAN lost 31% of its health!)</small><br></div><div class="spacer battle-history"><br></div><div class="battle-history">The opposing TRIANGLE MAN fainted!<br></div><div class="spacer battle-history"><br></div><div class="battle-history">LRXC ✔ sent out BOOTY TAPE (<strong>Suicune</strong>)!<br></div><div class="spacer battle-history"><br></div><div class="battle-history"><small>The opposing BOOTY TAPE restored a little HP using its Leftovers!</small><br></div><div class="spacer battle-history"><br></div><h2 class="battle-history">Turn 18</h2><div class="spacer battle-history"><br></div><div class="battle-history">The opposing BOOTY TAPE used <strong>Calm Mind</strong>!<br></div><div class="battle-history"><small>The opposing BOOTY TAPE's Sp. Atk rose!</small><br></div><div class="battle-history"><small>The opposing BOOTY TAPE's Sp. Def rose!</small><br></div><div class="spacer battle-history"><br></div><div class="battle-history">Eelektross used <strong>Thunderbolt</strong>!<br></div><div class="battle-history"><small>It's super effective!</small><br></div><div class="battle-history"><small>(The opposing BOOTY TAPE lost 55% of its health!)</small><br></div><div class="battle-history"><small>The opposing BOOTY TAPE is paralyzed! It may be unable to move!</small><br></div><div class="spacer battle-history"><br></div><div class="battle-history"><small>TRIANGLE MAN's wish came true!</small><br></div><div class="battle-history"><small>The opposing BOOTY TAPE restored a little HP using its Leftovers!</small><br></div><div class="spacer battle-history"><br></div><h2 class="battle-history">Turn 19</h2><div class="chat message-error">LRXC ✔ has 90 seconds left.</div><div class="chat chatmessage-447323a"><strong style="color:#ad7131"><small>☆</small><span class="username" data-name="447323a">447323a</span>:</strong> <em>sorry</em></div><div class="spacer battle-history"><br></div><div class="battle-history">Eelektross used <strong>Thunderbolt</strong>!<br></div><div class="battle-history"><small>It's super effective!</small><br></div><div class="battle-history"><small>(The opposing BOOTY TAPE lost 60% of its health!)</small><br></div><div class="spacer battle-history"><br></div><div class="battle-history">The opposing BOOTY TAPE used <strong>Calm Mind</strong>!<br></div><div class="battle-history"><small>The opposing BOOTY TAPE's Sp. Atk rose!</small><br></div><div class="battle-history"><small>The opposing BOOTY TAPE's Sp. Def rose!</small><br></div><div class="spacer battle-history"><br></div><div class="battle-history"><small>The opposing BOOTY TAPE restored a little HP using its Leftovers!</small><br></div><div class="spacer battle-history"><br></div><h2 class="battle-history">Turn 20</h2><div class="spacer battle-history"><br></div><div class="battle-history">Eelektross used <strong>Thunderbolt</strong>!<br></div><div class="battle-history"><small>It's super effective!</small><br></div><div class="battle-history"><small>(The opposing BOOTY TAPE lost 42% of its health!)</small><br></div><div class="spacer battle-history"><br></div><div class="battle-history">The opposing BOOTY TAPE fainted!<br></div><div class="spacer battle-history"><br></div><div class="battle-history">LRXC ✔ sent out STOP MALDING (<strong>Armaldo</strong>)!<br></div><div class="chat"><ul class="utilichart"><li class="result"><span class="col pokemonnamecol" style="white-space: nowrap">Armaldo</span> <span class="col typecol"><img src="https://dragonheaven.herokuapp.com/sprites/types/Rock.png" alt="Rock" height="14" width="32"><img src="https://dragonheaven.herokuapp.com/sprites/types/Bug.png" alt="Bug" height="14" width="32"></span> <span style="float: left ; min-height: 26px"><span class="col abilitycol">Swift Swim / Analytic</span><span class="col abilitycol"></span></span></li><li style="clear: both"></li></ul></div><div class="chat"><ul class="utilichart"><li class="result"><span style="float: left ; min-height: 26px"><span class="col statcol"><em>HP</em><br>75</span> <span class="col statcol"><em>Atk</em><br>125</span> <span class="col statcol"><em>Def</em><br>100</span> <span class="col statcol"><em>SpA</em><br>45</span> <span class="col statcol"><em>SpD</em><br>79</span> <span class="col statcol"><em>Spe</em><br>71</span> </span></li><li style="clear: both"></li></ul></div><div class="spacer battle-history"><br></div><h2 class="battle-history">Turn 21</h2><div class="spacer battle-history"><br></div><div class="battle-history">The opposing STOP MALDING used <strong>Swords Dance</strong>!<br></div><div class="battle-history"><small>The opposing STOP MALDING's Attack rose sharply!</small><br></div><div class="spacer battle-history"><br></div><div class="battle-history">Eelektross used <strong>Thunderbolt</strong>!<br></div><div class="battle-history"><small>(The opposing STOP MALDING lost 57% of its health!)</small><br></div><div class="spacer battle-history"><br></div><div class="battle-history"><small>The opposing STOP MALDING restored a little HP using its Leftovers!</small><br></div><div class="spacer battle-history"><br></div><h2 class="battle-history">Turn 22</h2><div class="spacer battle-history"><br></div><div class="battle-history">The opposing STOP MALDING used <strong>Signal Beam</strong>!<br></div><div class="battle-history"><small>(Eelektross lost 87% of its health!)</small><br></div><div class="spacer battle-history"><br></div><div class="battle-history">Eelektross used <strong>Thunderbolt</strong>!<br></div><div class="battle-history"><small>(The opposing STOP MALDING lost 49% of its health!)</small><br></div><div class="spacer battle-history"><br></div><div class="battle-history">The opposing STOP MALDING fainted!<br></div><div class="chat message-error">LRXC ✔ has 120 seconds left.</div><div class="spacer battle-history"><br></div><div class="battle-history">LRXC ✔ sent out DUGTROI (<strong>Dugtrio</strong>)!<br></div><div class="spacer battle-history"><br></div><h2 class="battle-history">Turn 23</h2><div class="spacer battle-history"><br></div><div class="battle-history">The opposing DUGTROI used <strong>Rock Slide</strong>!<br></div><div class="battle-history"><small>A critical hit!</small><br></div><div class="battle-history"><small>(Eelektross lost 13% of its health!)</small><br></div><div class="spacer battle-history"><br></div><div class="battle-history">Eelektross fainted!<br></div><div class="spacer battle-history"><br></div><div class="battle-history">Go! <strong>Piloswine</strong>!<br></div><div class="spacer battle-history"><br></div><h2 class="battle-history">Turn 24</h2><div class="spacer battle-history"><br></div><div class="battle-history">The opposing DUGTROI used <strong>Rock Slide</strong>!<br></div><div class="battle-history"><small>(Piloswine lost 17% of its health!)</small><br></div><div class="spacer battle-history"><br></div><div class="battle-history">Piloswine used <strong>Ice Beam</strong>!<br></div><div class="battle-history"><small>It's super effective!</small><br></div><div class="battle-history"><small>(The opposing DUGTROI lost 100% of its health!)</small><br></div><div class="spacer battle-history"><br></div><div class="battle-history">The opposing DUGTROI fainted!<br></div><div class="spacer battle-history"><br></div><div class="battle-history"><strong>447323a</strong> won the battle!<br></div><div class="chat chatmessage-447323a"><strong style="color:#ad7131"><small>☆</small><span class="username" data-name="447323a">447323a</span>:</strong> <em>gg</em></div><div class="chat chatmessage-lrxc"><strong style="color:#7261d0"><small>☆</small><span class="username" data-name="LRXC ✔">LRXC ✔</span>:</strong> <em>gg</em></div><div class="chat"><small>☆447323a left</small></div><div class="chat chatmessage-gluke"><strong style="color:#8d7d11"><small>+</small><span class="username" data-name="G-Luke">G-Luke</span>:</strong> <em>🔥🔥🔥🔥🔥</em></div></div><div class="inner-preempt message-log"></div></div></div>
</div>
<script>
let daily = Math.floor(Date.now()/1000/60/60/24);document.write('<script src="https://dragonheaven.herokuapp.com/js/replay-embed.js?version'+daily+'"></'+'script>');
</script>
