<!DOCTYPE html>
<meta charset="utf-8" />
<!-- version 1 -->
<title>[Gen 8] National Dex Balanced Hackmons v3 replay: cityscapes vs. Asou&amp;Chihiro</title>
<style>
html,body {font-family:Verdana, sans-serif;font-size:10pt;margin:0;padding:0;}body{padding:12px 0;} .battle-log {font-family:Verdana, sans-serif;font-size:10pt;} .battle-log-inline {border:1px solid #AAAAAA;background:#EEF2F5;color:black;max-width:640px;margin:0 auto 80px;padding-bottom:5px;} .battle-log .inner {padding:4px 8px 0px 8px;} .battle-log .inner-preempt {padding:0 8px 4px 8px;} .battle-log .inner-after {margin-top:0.5em;} .battle-log h2 {margin:0.5em -8px;padding:4px 8px;border:1px solid #AAAAAA;background:#E0E7EA;border-left:0;border-right:0;font-family:Verdana, sans-serif;font-size:13pt;} .battle-log .chat {vertical-align:middle;padding:3px 0 3px 0;font-size:8pt;} .battle-log .chat strong {color:#40576A;} .battle-log .chat em {padding:1px 4px 1px 3px;color:#000000;font-style:normal;} .chat.mine {background:rgba(0,0,0,0.05);margin-left:-8px;margin-right:-8px;padding-left:8px;padding-right:8px;} .spoiler {color:#BBBBBB;background:#BBBBBB;padding:0px 3px;} .spoiler:hover, .spoiler:active, .spoiler-shown {color:#000000;background:#E2E2E2;padding:0px 3px;} .spoiler a {color:#BBBBBB;} .spoiler:hover a, .spoiler:active a, .spoiler-shown a {color:#2288CC;} .chat code, .chat .spoiler:hover code, .chat .spoiler:active code, .chat .spoiler-shown code {border:1px solid #C0C0C0;background:#EEEEEE;color:black;padding:0 2px;} .chat .spoiler code {border:1px solid #CCCCCC;background:#CCCCCC;color:#CCCCCC;} .battle-log .rated {padding:3px 4px;} .battle-log .rated strong {color:white;background:#89A;padding:1px 4px;border-radius:4px;} .spacer {margin-top:0.5em;} .message-announce {background:#6688AA;color:white;padding:1px 4px 2px;} .message-announce a, .broadcast-green a, .broadcast-blue a, .broadcast-red a {color:#DDEEFF;} .broadcast-green {background-color:#559955;color:white;padding:2px 4px;} .broadcast-blue {background-color:#6688AA;color:white;padding:2px 4px;} .infobox {border:1px solid #6688AA;padding:2px 4px;} .infobox-limited {max-height:200px;overflow:auto;overflow-x:hidden;} .broadcast-red {background-color:#AA5544;color:white;padding:2px 4px;} .message-learn-canlearn {font-weight:bold;color:#228822;text-decoration:underline;} .message-learn-cannotlearn {font-weight:bold;color:#CC2222;text-decoration:underline;} .message-effect-weak {font-weight:bold;color:#CC2222;} .message-effect-resist {font-weight:bold;color:#6688AA;} .message-effect-immune {font-weight:bold;color:#666666;} .message-learn-list {margin-top:0;margin-bottom:0;} .message-throttle-notice, .message-error {color:#992222;} .message-overflow, .chat small.message-overflow {font-size:0pt;} .message-overflow::before {font-size:9pt;content:'...';} .subtle {color:#3A4A66;}
</style>
<div class="wrapper replay-wrapper" style="max-width:1180px;margin:0 auto">
<input type="hidden" name="replayid" value="dragonheaven-gen8nationaldexbalancedhackmonsv3-39" />
<div class="battle"></div><div class="battle-log"></div><div class="replay-controls"></div><div class="replay-controls-2"></div>
<h1 style="font-weight:normal;text-align:center"><strong>[Gen 8] National Dex Balanced Hackmons v3</strong><br /><a href="http://pokemonshowdown.com/users/cityscapes" class="subtle" target="_blank">cityscapes</a> vs. <a href="http://pokemonshowdown.com/users/asouchihiro" class="subtle" target="_blank">Asou&amp;Chihiro</a></h1>
<script type="text/plain" class="battle-log-data">|j|☆cityscapes
|j|☆Asou&Chihiro
|t:|1653873426
|player|p1|cityscapes|valerie|
|player|p2|Asou&Chihiro|erika|
|teamsize|p1|6
|teamsize|p2|6
|gametype|singles
|gen|8
|tier|[Gen 8] National Dex Balanced Hackmons v3
|clearpoke
|poke|p1|Swampert-Mega, M|
|poke|p1|Reshiram|
|poke|p1|Yveltal|
|poke|p1|Regigigas|
|poke|p1|Arceus-*|
|poke|p1|Solgaleo|
|poke|p2|Diancie-Mega|
|poke|p2|Aerodactyl-Mega, F|
|poke|p2|Swampert-Mega, F|
|poke|p2|Arceus-*|
|poke|p2|Pikachu-World, M|
|poke|p2|Regigigas|
|rule|HP Percentage Mod: HP is shown in percentages
|rule|Endless Battle Clause: Forcing endless battles is banned
|rule|Forme Clause: Limit one of each forme of a Pokémon
|rule|2 Ability Clause: Limit two of each ability
|rule|OHKO Clause: OHKO moves are banned
|rule|Evasion Moves Clause: Evasion moves are banned
|rule|CFZ Clause: Crystal-free Z-Moves are banned
|rule|Dynamax Clause: You cannot dynamax
|teampreview
|c|☆cityscapes|hf 
|c|☆Asou&Chihiro|u2

|j|~scoopapa
|j|+TTTech_
|
|t:|1653873530
|start
|switch|p1a: Yveltal|Yveltal|100\/100
|switch|p2a: Swampert|Swampert-Mega, F|100\/100
|turn|1
|
|t:|1653873540
|switch|p2a: Diancie|Diancie-Mega|100\/100
|move|p1a: Yveltal|Glare|p2a: Diancie
|-status|p2a: Diancie|par
|
|upkeep
|turn|2
|c|+TTTech_|I see a frog n aero, go nihi for being cool
|
|t:|1653873549
|switch|p1a: Purplerf Rfrog|Swampert-Mega, M|100\/100
|move|p2a: Diancie|Glare|p1a: Purplerf Rfrog
|-status|p1a: Purplerf Rfrog|par
|
|upkeep
|turn|3
|c|☆Asou&Chihiro|purple frog
|c|☆cityscapes|yeah 
|
|t:|1653873578
|switch|p2a: Arceus|Arceus-Ghost|100\/100
|switch|p1a: Regigigas|Regigigas|100\/100
|
|-status|p1a: Regigigas|tox|[from] item: Toxic Orb
|upkeep
|turn|4
|c|+TTTech_|Very disappointed its not purple on either side
|j|+anaconja
|c|☆cityscapes|what do you mean
|c|☆cityscapes| my frog is very purple
|
|t:|1653873596
|switch|p1a: Yveltal|Yveltal|100\/100
|move|p2a: Arceus|Worry Seed|p1a: Yveltal
|-endability|p1a: Yveltal|Prankster|[from] move: Worry Seed
|-ability|p1a: Yveltal|Insomnia|[from] move: Worry Seed
|
|upkeep
|turn|5
|
|t:|1653873614
|switch|p2a: Diancie|Diancie-Mega|100\/100 par
|switch|p1a: Arceus|Arceus-Fairy|100\/100
|
|upkeep
|turn|6
|
|t:|1653873623
|switch|p2a: Swampert|Swampert-Mega, F|100\/100
|move|p1a: Arceus|Boomburst|p2a: Swampert
|-damage|p2a: Swampert|62\/100
|
|upkeep
|turn|7
|
|t:|1653873630
|move|p1a: Arceus|Tail Glow|p1a: Arceus
|-boost|p1a: Arceus|spa|3
|move|p2a: Swampert|Nuzzle|p1a: Arceus
|-crit|p1a: Arceus
|-damage|p1a: Arceus|94\/100
|-status|p1a: Arceus|par
|
|upkeep
|turn|8
|
|t:|1653873641
|switch|p2a: Diancie|Diancie-Mega|100\/100 par
|move|p1a: Arceus|Boomburst|p2a: Diancie
|-damage|p2a: Diancie|0 fnt
|faint|p2a: Diancie
|
|upkeep
|
|t:|1653873643
|switch|p2a: Pikachu|Pikachu-World, M|100\/100
|-transform|p2a: Pikachu|p1a: Arceus|[from] ability: Imposter
|turn|9
|
|t:|1653873650
|switch|p1a: Purplerf Rfrog|Swampert-Mega, M|100\/100 par
|move|p2a: Pikachu|Boomburst|p1a: Purplerf Rfrog
|-immune|p1a: Purplerf Rfrog|[from] ability: Soundproof
|
|upkeep
|turn|10
|c|☆Asou&Chihiro|nu
|
|t:|1653873670
|switch|p2a: Regigigas|Regigigas|100\/100
|move|p1a: Purplerf Rfrog|Aromatherapy|p1a: Purplerf Rfrog
|-activate|p1a: Purplerf Rfrog|move: Aromatherapy
|-curestatus|p1a: Purplerf Rfrog|par|[msg]
|-curestatus|p1: Regigigas|tox|[msg]
|-curestatus|p1: Arceus|par|[msg]
|
|-status|p2a: Regigigas|tox|[from] item: Toxic Orb
|upkeep
|turn|11
|
|t:|1653873676
|move|p2a: Regigigas|Spikes|p1a: Purplerf Rfrog
|-sidestart|p1: cityscapes|Spikes
|move|p1a: Purplerf Rfrog|Volt Switch|p2a: Regigigas
|-damage|p2a: Regigigas|89\/100 tox
|
|t:|1653873683
|switch|p1a: Morgana|Reshiram|100\/100|[from]move: Volt Switch
|-damage|p1a: Morgana|88\/100|[from] Spikes
|
|-heal|p2a: Regigigas|100\/100 tox|[from] ability: Poison Heal
|upkeep
|turn|12
|
|t:|1653873687
|move|p2a: Regigigas|Glare|p1a: Morgana
|-status|p1a: Morgana|par
|move|p1a: Morgana|Quiver Dance|p1a: Morgana
|-boost|p1a: Morgana|spa|1
|-boost|p1a: Morgana|spd|1
|-boost|p1a: Morgana|spe|1
|
|upkeep
|turn|13
|
|t:|1653873693
|move|p2a: Regigigas|U-turn|p1a: Morgana
|-resisted|p1a: Morgana
|-damage|p1a: Morgana|82\/100 par
|
|t:|1653873696
|switch|p2a: Swampert|Swampert-Mega, F|96\/100|[from]move: U-turn
|move|p1a: Morgana|Blue Flare|p2a: Swampert
|-resisted|p2a: Swampert
|-damage|p2a: Swampert|67\/100
|-damage|p1a: Morgana|73\/100 par|[from] item: Life Orb
|
|upkeep
|turn|14
|
|t:|1653873702
|cant|p1a: Morgana|par
|move|p2a: Swampert|Volt Switch|p1a: Morgana
|-resisted|p1a: Morgana
|-damage|p1a: Morgana|68\/100 par
|j| USPT Halcyon
|c|☆cityscapes|rip
|
|t:|1653873707
|switch|p2a: Pikachu|Pikachu-World, M|100\/100|[from]move: Volt Switch
|-transform|p2a: Pikachu|p1a: Morgana|[from] ability: Imposter
|
|upkeep
|turn|15
|c|☆Asou&Chihiro|oh sry
|j| XxSevagxX
|c| XxSevagxX|go both
|
|t:|1653873782
|switch|p1a: Solgaleo|Solgaleo|100\/100
|-damage|p1a: Solgaleo|88\/100|[from] Spikes
|-weather|PrimordialSea|[from] ability: Primordial Sea|[of] p1a: Solgaleo
|move|p2a: Pikachu|Eternabeam|p1a: Solgaleo
|-resisted|p1a: Solgaleo
|-damage|p1a: Solgaleo|0 fnt
|-mustrecharge|p2a: Pikachu
|faint|p1a: Solgaleo
|-weather|none
|
|upkeep
|
|t:|1653873792
|switch|p1a: Yveltal|Yveltal|100\/100
|turn|16
|c|+TTTech_|Winner gets a very childish song from me if they win
|
|t:|1653873795
|move|p1a: Yveltal|Glare|p2a: Pikachu
|-status|p2a: Pikachu|par
|cant|p2a: Pikachu|recharge
|
|upkeep
|turn|17
|
|t:|1653873803
|switch|p2a: Regigigas|Regigigas|100\/100 tox
|move|p1a: Yveltal|Knock Off|p2a: Regigigas
|-damage|p2a: Regigigas|71\/100 tox
|-enditem|p2a: Regigigas|Toxic Orb|[from] move: Knock Off|[of] p1a: Yveltal
|
|-heal|p2a: Regigigas|83\/100 tox|[from] ability: Poison Heal
|upkeep
|turn|18
|
|t:|1653873813
|move|p2a: Regigigas|Facade|p1a: Yveltal
|-damage|p1a: Yveltal|48\/100
|move|p1a: Yveltal|Rapid Spin|p2a: Regigigas
|-damage|p2a: Regigigas|72\/100 tox
|-boost|p1a: Yveltal|spe|1
|-sideend|p1: cityscapes|Spikes|[from] move: Rapid Spin|[of] p1a: Yveltal
|
|-heal|p2a: Regigigas|85\/100 tox|[from] ability: Poison Heal
|upkeep
|turn|19
|
|t:|1653873822
|move|p1a: Yveltal|Soft-Boiled|p1a: Yveltal
|-heal|p1a: Yveltal|98\/100
|move|p2a: Regigigas|Spikes|p1a: Yveltal
|-sidestart|p1: cityscapes|Spikes
|
|-heal|p2a: Regigigas|97\/100 tox|[from] ability: Poison Heal
|upkeep
|turn|20
|
|t:|1653873831
|move|p1a: Yveltal|Rapid Spin|p2a: Regigigas
|-damage|p2a: Regigigas|87\/100 tox
|-boost|p1a: Yveltal|spe|1
|-sideend|p1: cityscapes|Spikes|[from] move: Rapid Spin|[of] p1a: Yveltal
|move|p2a: Regigigas|Facade|p1a: Yveltal
|-damage|p1a: Yveltal|41\/100
|
|-heal|p2a: Regigigas|99\/100 tox|[from] ability: Poison Heal
|upkeep
|turn|21
|
|t:|1653873838
|move|p1a: Yveltal|Soft-Boiled|p1a: Yveltal
|-heal|p1a: Yveltal|91\/100
|move|p2a: Regigigas|Facade|p1a: Yveltal
|-damage|p1a: Yveltal|38\/100
|
|-heal|p2a: Regigigas|100\/100 tox|[from] ability: Poison Heal
|upkeep
|turn|22
|
|t:|1653873847
|switch|p1a: Arceus|Arceus-Fairy|94\/100
|move|p2a: Regigigas|Facade|p1a: Arceus
|-damage|p1a: Arceus|45\/100
|
|upkeep
|turn|23
|
|t:|1653873853
|move|p1a: Arceus|Strength Sap|p2a: Regigigas
|-unboost|p2a: Regigigas|atk|1
|-heal|p1a: Arceus|100\/100
|move|p2a: Regigigas|Glare|p1a: Arceus
|-status|p1a: Arceus|par
|
|upkeep
|turn|24
|l|+TTTech_
|
|t:|1653873864
|move|p2a: Regigigas|U-turn|p1a: Arceus
|-resisted|p1a: Arceus
|-damage|p1a: Arceus|94\/100 par
|
|t:|1653873866
|switch|p2a: Swampert|Swampert-Mega, F|100\/100|[from]move: U-turn
|cant|p1a: Arceus|par
|
|upkeep
|turn|25
|
|t:|1653873875
|switch|p1a: Purplerf Rfrog|Swampert-Mega, M|100\/100
|move|p2a: Swampert|Volt Switch|p1a: Purplerf Rfrog
|-immune|p1a: Purplerf Rfrog
|
|upkeep
|turn|26
|j|+TTTech_
|
|t:|1653873887
|switch|p2a: Arceus|Arceus-Ghost|100\/100
|move|p1a: Purplerf Rfrog|Aromatherapy|p1a: Purplerf Rfrog
|-activate|p1a: Purplerf Rfrog|move: Aromatherapy
|-curestatus|p1: Arceus|par|[msg]
|-curestatus|p1: Morgana|par|[msg]
|
|upkeep
|turn|27
|
|t:|1653873898
|move|p2a: Arceus|Glare|p1a: Purplerf Rfrog
|-status|p1a: Purplerf Rfrog|par
|move|p1a: Purplerf Rfrog|Volt Switch|p2a: Arceus
|-damage|p2a: Arceus|90\/100
|
|t:|1653873906
|switch|p1a: Regigigas|Regigigas|100\/100|[from]move: Volt Switch
|
|-status|p1a: Regigigas|tox|[from] item: Toxic Orb
|upkeep
|turn|28
|
|t:|1653873911
|switch|p1a: Yveltal|Yveltal|38\/100
|move|p2a: Arceus|Glare|p1a: Yveltal
|-status|p1a: Yveltal|par
|
|upkeep
|turn|29
|
|t:|1653873931
|switch|p2a: Regigigas|Regigigas|100\/100 tox
|switch|p1a: Arceus|Arceus-Fairy|94\/100
|
|upkeep
|turn|30
|
|t:|1653873938
|switch|p2a: Swampert|Swampert-Mega, F|100\/100
|move|p1a: Arceus|Tail Glow|p1a: Arceus
|-boost|p1a: Arceus|spa|3
|
|upkeep
|turn|31
|j|+ASnomPlaysShowdown
|
|t:|1653873946
|move|p1a: Arceus|Boomburst|p2a: Swampert
|-damage|p2a: Swampert|0 fnt
|faint|p2a: Swampert
|
|upkeep
|
|t:|1653873954
|switch|p2a: Arceus|Arceus-Ghost|90\/100
|turn|32
|
|t:|1653873968
|move|p1a: Arceus|Nuzzle|p2a: Arceus
|-damage|p2a: Arceus|88\/100
|-status|p2a: Arceus|par
|move|p2a: Arceus|Worry Seed|p1a: Arceus
|-endability|p1a: Arceus|Pixilate|[from] move: Worry Seed
|-ability|p1a: Arceus|Insomnia|[from] move: Worry Seed
|
|upkeep
|turn|33
|j| quojova
|
|t:|1653873989
|switch|p1a: Morgana|Reshiram|68\/100
|switch|p2a: Aerodactyl|Aerodactyl-Mega, F|100\/100
|
|upkeep
|turn|34
|
|t:|1653873996
|move|p2a: Aerodactyl|Head Smash|p1a: Morgana
|-supereffective|p1a: Morgana
|-damage|p1a: Morgana|4\/100
|move|p1a: Morgana|Strength Sap|p2a: Aerodactyl
|-unboost|p2a: Aerodactyl|atk|1
|-heal|p1a: Morgana|95\/100
|
|upkeep
|turn|35
|c| XxSevagxX|lol
|c| quojova|ATE
|c|+TTTech_|Min roll, gotta be
|c|+TTTech_|Smh
|c|+ASnomPlaysShowdown|yeah
|c|☆cityscapes|morgius sweep???
|j| dinodude7777
|c|☆Asou&Chihiro|are you +def
|c| quojova|neither frogs are shiny...
|c|☆cityscapes|nope
|c|☆Asou&Chihiro|252 Atk Life Orb Aerodactyl-Mega Head Smash vs. 252 HP \/ 252 Def Fur Coat Reshiram: 260-307 (64.3 - 75.9%) -- guaranteed 2HKO
|c| dinodude7777|waste of server bandwidth 
|c|☆cityscapes|rip
|
|t:|1653874080
|switch|p2a: Arceus|Arceus-Ghost|88\/100 par
|move|p1a: Morgana|Eternabeam|p2a: Arceus
|-damage|p2a: Arceus|20\/100 par
|-mustrecharge|p1a: Morgana
|-damage|p1a: Morgana|85\/100|[from] item: Life Orb
|
|upkeep
|turn|36
|c|☆Asou&Chihiro|well misclicked
|c|☆Asou&Chihiro|but ok
|c|+TTTech_|Literally a min roll
|c|+TTTech_|Called it
|
|t:|1653874101
|cant|p1a: Morgana|recharge
|move|p2a: Arceus|Roost|p2a: Arceus
|-heal|p2a: Arceus|70\/100 par
|-singleturn|p2a: Arceus|move: Roost
|
|upkeep
|turn|37
|
|t:|1653874111
|move|p1a: Morgana|Blue Flare|p2a: Arceus
|-damage|p2a: Arceus|9\/100 par
|-damage|p1a: Morgana|75\/100|[from] item: Life Orb
|move|p2a: Arceus|Glare|p1a: Morgana
|-status|p1a: Morgana|par
|
|upkeep
|turn|38
|c|☆cityscapes|this mon is an abomination
|
|t:|1653874131
|move|p2a: Arceus|Hex|p1a: Morgana
|-damage|p1a: Morgana|29\/100 par
|cant|p1a: Morgana|par
|
|upkeep
|turn|39
|
|t:|1653874149
|move|p2a: Arceus|Roost|p2a: Arceus
|-heal|p2a: Arceus|59\/100 par
|-singleturn|p2a: Arceus|move: Roost
|move|p1a: Morgana|Blue Flare|p2a: Arceus
|-damage|p2a: Arceus|4\/100 par
|-damage|p1a: Morgana|19\/100 par|[from] item: Life Orb
|
|upkeep
|turn|40
|
|t:|1653874165
|move|p2a: Arceus|Hex|p1a: Morgana
|-damage|p1a: Morgana|0 fnt
|faint|p1a: Morgana
|
|upkeep
|
|t:|1653874167
|switch|p1a: Regigigas|Regigigas|100\/100 tox
|turn|41
|
|t:|1653874173
|move|p1a: Regigigas|Precipice Blades|p2a: Arceus
|-damage|p2a: Arceus|0 fnt
|faint|p2a: Arceus
|
|upkeep
|
|t:|1653874177
|switch|p2a: Aerodactyl|Aerodactyl-Mega, F|100\/100
|turn|42
|
|t:|1653874218
|switch|p1a: Yveltal|Yveltal|38\/100 par
|move|p2a: Aerodactyl|Head Smash|p1a: Yveltal
|-supereffective|p1a: Yveltal
|-damage|p1a: Yveltal|0 fnt
|faint|p1a: Yveltal
|
|upkeep
|
|t:|1653874220
|switch|p1a: Arceus|Arceus-Fairy|94\/100
|turn|43
|
|t:|1653874231
|switch|p2a: Pikachu|Pikachu-World, M|100\/100 par
|-transform|p2a: Pikachu|p1a: Arceus|[from] ability: Imposter
|move|p1a: Arceus|Strength Sap|p2a: Pikachu
|-unboost|p2a: Pikachu|atk|1
|-heal|p1a: Arceus|100\/100
|
|upkeep
|turn|44
|
|t:|1653874242
|move|p1a: Arceus|Boomburst|p2a: Pikachu
|-damage|p2a: Pikachu|6\/100 par
|move|p2a: Pikachu|Nuzzle|p1a: Arceus
|-damage|p1a: Arceus|97\/100
|-status|p1a: Arceus|par
|
|upkeep
|turn|45
|
|t:|1653874260
|switch|p1a: Regigigas|Regigigas|100\/100 tox
|cant|p2a: Pikachu|par
|
|upkeep
|turn|46
|c|☆Asou&Chihiro|rip
|
|t:|1653874271
|switch|p2a: Aerodactyl|Aerodactyl-Mega, F|100\/100
|move|p1a: Regigigas|Facade|p2a: Aerodactyl
|-resisted|p2a: Aerodactyl
|-damage|p2a: Aerodactyl|62\/100
|
|upkeep
|turn|47
|c|☆cityscapes|how does that even live though 
|
|t:|1653874282
|switch|p1a: Purplerf Rfrog|Swampert-Mega, M|100\/100 par
|move|p2a: Aerodactyl|Brave Bird|p1a: Purplerf Rfrog
|-damage|p1a: Purplerf Rfrog|52\/100 par
|
|upkeep
|turn|48
|c|☆Asou&Chihiro|idk
|
|t:|1653874289
|move|p2a: Aerodactyl|Brave Bird|p1a: Purplerf Rfrog
|-damage|p1a: Purplerf Rfrog|6\/100 par
|cant|p1a: Purplerf Rfrog|par
|
|upkeep
|turn|49
|
|t:|1653874294
|move|p2a: Aerodactyl|Brave Bird|p1a: Purplerf Rfrog
|-damage|p1a: Purplerf Rfrog|0 fnt
|faint|p1a: Purplerf Rfrog
|
|upkeep
|c|☆cityscapes|this is really dumb
|
|t:|1653874314
|switch|p1a: Arceus|Arceus-Fairy|97\/100 par
|turn|50
|c| dinodude7777|paralysis :)
|
|t:|1653874321
|switch|p2a: Regigigas|Regigigas|100\/100 tox
|move|p1a: Arceus|Nuzzle|p2a: Regigigas
|-damage|p2a: Regigigas|98\/100 tox
|
|-heal|p2a: Regigigas|100\/100 tox|[from] ability: Poison Heal
|upkeep
|turn|51
|
|t:|1653874329
|move|p2a: Regigigas|Facade|p1a: Arceus
|-damage|p1a: Arceus|48\/100 par
|cant|p1a: Arceus|par
|
|upkeep
|turn|52
|
|t:|1653874333
|move|p2a: Regigigas|Facade|p1a: Arceus
|-damage|p1a: Arceus|0 fnt
|faint|p1a: Arceus
|
|upkeep
|
|t:|1653874335
|switch|p1a: Regigigas|Regigigas|100\/100 tox
|turn|53
|
|t:|1653874338
|move|p2a: Regigigas|Facade|p1a: Regigigas
|-damage|p1a: Regigigas|43\/100 tox
|move|p1a: Regigigas|Dragon Dance|p1a: Regigigas
|-boost|p1a: Regigigas|atk|1
|-boost|p1a: Regigigas|spe|1
|
|-heal|p1a: Regigigas|56\/100 tox|[from] ability: Poison Heal
|upkeep
|turn|54
|c|☆cityscapes|so gross
|c|☆cityscapes| i won if i got either of those
|
|t:|1653874358
|move|p1a: Regigigas|Dragon Dance|p1a: Regigigas
|-boost|p1a: Regigigas|atk|1
|-boost|p1a: Regigigas|spe|1
|move|p2a: Regigigas|Facade|p1a: Regigigas
|-damage|p1a: Regigigas|0 fnt
|faint|p1a: Regigigas
|
|win|Asou&Chihiro
|c|☆Asou&Chihiro|hm
|c| quojova|rip
|c|+TTTech_|Rip
|c|☆cityscapes|the para on pert
|c| quojova|dont u also live 2 facades most of the time
|c|☆cityscapes| and on arc
|c| quojova|even with ada
|c|☆Asou&Chihiro|someone told me not to say sry for paras if it's meant but
|c| quojova|or i am remembering wrong
|c| quojova|am i*
|j|+Tapler
|c|☆Asou&Chihiro|it's not deserved i can say
|c|☆Asou&Chihiro|wp
|c|☆cityscapes|i didn’t play that well
|c|+Tapler|couldn't you have boombursted instead of nuzzled on the aero switch?
|c|☆cityscapes| i should have won with no luck
|c|+Tapler|third chance to break through the para
|c|+Tapler|might be missing something about nuzzle tho
|c| XxSevagxX|probably
|c| XxSevagxX|wanted to sap on aero
|c|☆cityscapes|yeah 
|l| quojova
|c|+Tapler|gotcha
|l|☆cityscapes
|l|+TTTech_
|c| XxSevagxX|you would need 2 dragon dances on regigigas regardless
|l| XxSevagxX
|l|☆Asou&Chihiro
|l|+Tapler
|l| dinodude7777</script>
</div>
<div class="battle-log battle-log-inline"><div class="inner"><div class="battle-options"><div style="padding-top: 3px; padding-right: 3px; text-align: right"><button class="icon button" name="openBattleOptions" title="Options">Battle Options</button></div></div><div class="inner message-log"><div class="chat"><small>☆cityscapes and ☆Asou&amp;Chihiro joined</small></div><div class=""><small>Format:</small> <br><strong>[Gen 8] National Dex Balanced Hackmons v3</strong></div><div class=""><small><em>HP Percentage Mod:</em> HP is shown in percentages</small></div><div class=""><small><em>Endless Battle Clause:</em> Forcing endless battles is banned</small></div><div class=""><small><em>Forme Clause:</em> Limit one of each forme of a Pokémon</small></div><div class=""><small><em>2 Ability Clause:</em> Limit two of each ability</small></div><div class=""><small><em>OHKO Clause:</em> OHKO moves are banned</small></div><div class=""><small><em>Evasion Moves Clause:</em> Evasion moves are banned</small></div><div class=""><small><em>CFZ Clause:</em> Crystal-free Z-Moves are banned</small></div><div class=""><small><em>Dynamax Clause:</em> You cannot dynamax</small></div><div class="chat battle-history"><strong>cityscapes's team:</strong> <em style="color:#445566;display:block;">Swampert-Mega / Reshiram / Yveltal / Regigigas / Arceus-* / Solgaleo</em></div><div class="chat battle-history"><strong>Asou&amp;Chihiro's team:</strong> <em style="color:#445566;display:block;">Diancie-Mega / Aerodactyl-Mega / Swampert-Mega / Arceus-* / Pikachu-World / Regigigas</em></div><div class="chat chatmessage-cityscapes"><strong style="color:#bb3a9f"><small>☆</small><span class="username" data-name="cityscapes">cityscapes</span>:</strong> <em>hf </em></div><div class="chat chatmessage-asouchihiro"><strong style="color:#23805e"><small>☆</small><span class="username" data-name="Asou&amp;Chihiro">Asou&amp;Chihiro</span>:</strong> <em>u2</em></div><div class="chat"><small>~scoopapa and +TTTech_ joined</small></div><div class="spacer battle-history"><br></div><div class="battle-history">Battle started between cityscapes and Asou&amp;Chihiro!<br></div><div class="spacer battle-history"><br></div><div class="battle-history">Go! <strong>Yveltal</strong>!<br></div><div class="spacer battle-history"><br></div><div class="battle-history">Asou&amp;Chihiro sent out Swampert (<strong>Swampert-Mega</strong>)!<br></div><div class="spacer battle-history"><br></div><h2 class="battle-history">Turn 1</h2><div class="spacer battle-history"><br></div><div class="battle-history">Asou&amp;Chihiro withdrew Swampert!<br></div><div class="battle-history">Asou&amp;Chihiro sent out Diancie (<strong>Diancie-Mega</strong>)!<br></div><div class="spacer battle-history"><br></div><div class="battle-history">Yveltal used <strong>Glare</strong>!<br></div><div class="battle-history"><small>The opposing Diancie is paralyzed! It may be unable to move!</small><br></div><div class="spacer battle-history"><br></div><h2 class="battle-history">Turn 2</h2><div class="chat chatmessage-tttech"><strong style="color:#326cc3"><small>+</small><span class="username" data-name="TTTech_">TTTech_</span>:</strong> <em>I see a frog n aero, go nihi for being cool</em></div><div class="spacer battle-history"><br></div><div class="battle-history">Yveltal, come back!<br></div><div class="battle-history">Go! Purplerf Rfrog (<strong>Swampert-Mega</strong>)!<br></div><div class="spacer battle-history"><br></div><div class="battle-history">The opposing Diancie used <strong>Glare</strong>!<br></div><div class="battle-history"><small>Purplerf Rfrog is paralyzed! It may be unable to move!</small><br></div><div class="spacer battle-history"><br></div><h2 class="battle-history">Turn 3</h2><div class="chat chatmessage-asouchihiro"><strong style="color:#23805e"><small>☆</small><span class="username" data-name="Asou&amp;Chihiro">Asou&amp;Chihiro</span>:</strong> <em>purple frog</em></div><div class="chat chatmessage-cityscapes"><strong style="color:#bb3a9f"><small>☆</small><span class="username" data-name="cityscapes">cityscapes</span>:</strong> <em>yeah </em></div><div class="spacer battle-history"><br></div><div class="battle-history">Asou&amp;Chihiro withdrew Diancie!<br></div><div class="battle-history">Asou&amp;Chihiro sent out Arceus (<strong>Arceus-Ghost</strong>)!<br></div><div class="spacer battle-history"><br></div><div class="battle-history">Purplerf Rfrog, come back!<br></div><div class="battle-history">Go! <strong>Regigigas</strong>!<br></div><div class="spacer battle-history"><br></div><div class="battle-history"><small>Regigigas was badly poisoned!</small><br></div><div class="spacer battle-history"><br></div><h2 class="battle-history">Turn 4</h2><div class="chat chatmessage-tttech"><strong style="color:#326cc3"><small>+</small><span class="username" data-name="TTTech_">TTTech_</span>:</strong> <em>Very disappointed its not purple on either side</em></div><div class="chat"><small>+anaconja joined</small></div><div class="chat chatmessage-cityscapes"><strong style="color:#bb3a9f"><small>☆</small><span class="username" data-name="cityscapes">cityscapes</span>:</strong> <em>what do you mean</em></div><div class="chat chatmessage-cityscapes"><strong style="color:#bb3a9f"><small>☆</small><span class="username" data-name="cityscapes">cityscapes</span>:</strong> <em> my frog is very purple</em></div><div class="spacer battle-history"><br></div><div class="battle-history">Regigigas, come back!<br></div><div class="battle-history">Go! <strong>Yveltal</strong>!<br></div><div class="spacer battle-history"><br></div><div class="battle-history">The opposing Arceus used <strong>Worry Seed</strong>!<br></div><div class="battle-history">[Yveltal's Prankster]<br></div><div class="battle-history">[Yveltal's Insomnia]<br><small>Yveltal acquired Insomnia!</small><br></div><div class="spacer battle-history"><br></div><h2 class="battle-history">Turn 5</h2><div class="spacer battle-history"><br></div><div class="battle-history">Asou&amp;Chihiro withdrew Arceus!<br></div><div class="battle-history">Asou&amp;Chihiro sent out Diancie (<strong>Diancie-Mega</strong>)!<br></div><div class="spacer battle-history"><br></div><div class="battle-history">Yveltal, come back!<br></div><div class="battle-history">Go! Arceus (<strong>Arceus-Fairy</strong>)!<br></div><div class="spacer battle-history"><br></div><h2 class="battle-history">Turn 6</h2><div class="spacer battle-history"><br></div><div class="battle-history">Asou&amp;Chihiro withdrew Diancie!<br></div><div class="battle-history">Asou&amp;Chihiro sent out Swampert (<strong>Swampert-Mega</strong>)!<br></div><div class="spacer battle-history"><br></div><div class="battle-history">Arceus used <strong>Boomburst</strong>!<br></div><div class="battle-history"><small>(The opposing Swampert lost 38% of its health!)</small><br></div><div class="spacer battle-history"><br></div><h2 class="battle-history">Turn 7</h2><div class="spacer battle-history"><br></div><div class="battle-history">Arceus used <strong>Tail Glow</strong>!<br></div><div class="battle-history"><small>Arceus's Sp. Atk rose drastically!</small><br></div><div class="spacer battle-history"><br></div><div class="battle-history">The opposing Swampert used <strong>Nuzzle</strong>!<br></div><div class="battle-history"><small>A critical hit!</small><br></div><div class="battle-history"><small>(Arceus lost 6% of its health!)</small><br></div><div class="battle-history"><small>Arceus is paralyzed! It may be unable to move!</small><br></div><div class="spacer battle-history"><br></div><h2 class="battle-history">Turn 8</h2><div class="spacer battle-history"><br></div><div class="battle-history">Asou&amp;Chihiro withdrew Swampert!<br></div><div class="battle-history">Asou&amp;Chihiro sent out Diancie (<strong>Diancie-Mega</strong>)!<br></div><div class="spacer battle-history"><br></div><div class="battle-history">Arceus used <strong>Boomburst</strong>!<br></div><div class="battle-history"><small>(The opposing Diancie lost 100% of its health!)</small><br></div><div class="spacer battle-history"><br></div><div class="battle-history">The opposing Diancie fainted!<br></div><div class="spacer battle-history"><br></div><div class="battle-history">Asou&amp;Chihiro sent out Pikachu (<strong>Pikachu-World</strong>)!<br></div><div class="battle-history">[The opposing Pikachu's Imposter]<br>The opposing Pikachu transformed into Arceus-Fairy!<br></div><div class="spacer battle-history"><br></div><h2 class="battle-history">Turn 9</h2><div class="spacer battle-history"><br></div><div class="battle-history">Arceus, come back!<br></div><div class="battle-history">Go! Purplerf Rfrog (<strong>Swampert-Mega</strong>)!<br></div><div class="spacer battle-history"><br></div><div class="battle-history">The opposing Pikachu used <strong>Boomburst</strong>!<br></div><div class="battle-history">[Purplerf Rfrog's Soundproof]<br><small>It doesn't affect Purplerf Rfrog...</small><br></div><div class="spacer battle-history"><br></div><h2 class="battle-history">Turn 10</h2><div class="chat chatmessage-asouchihiro"><strong style="color:#23805e"><small>☆</small><span class="username" data-name="Asou&amp;Chihiro">Asou&amp;Chihiro</span>:</strong> <em>nu</em></div><div class="spacer battle-history"><br></div><div class="battle-history">Asou&amp;Chihiro withdrew Pikachu!<br></div><div class="battle-history">Asou&amp;Chihiro sent out <strong>Regigigas</strong>!<br></div><div class="spacer battle-history"><br></div><div class="battle-history">Purplerf Rfrog used <strong>Aromatherapy</strong>!<br></div><div class="battle-history"><small>A soothing aroma wafted through the area!</small><br></div><div class="battle-history"><small>Purplerf Rfrog was cured of paralysis!</small><br></div><div class="battle-history"><small>Regigigas was cured of its poisoning!</small><br></div><div class="battle-history"><small>Arceus was cured of paralysis!</small><br></div><div class="spacer battle-history"><br></div><div class="battle-history"><small>The opposing Regigigas was badly poisoned!</small><br></div><div class="spacer battle-history"><br></div><h2 class="battle-history">Turn 11</h2><div class="spacer battle-history"><br></div><div class="battle-history">The opposing Regigigas used <strong>Spikes</strong>!<br></div><div class="battle-history"><small>Spikes were scattered on the ground all around your team!</small><br></div><div class="spacer battle-history"><br></div><div class="battle-history">Purplerf Rfrog used <strong>Volt Switch</strong>!<br></div><div class="battle-history"><small>(The opposing Regigigas lost 11% of its health!)</small><br></div><div class="spacer battle-history"><br></div><div class="battle-history">Purplerf Rfrog went back to cityscapes!<br></div><div class="battle-history">Go! Morgana (<strong>Reshiram</strong>)!<br></div><div class="battle-history"><small>Morgana was hurt by the spikes!</small><br></div><div class="spacer battle-history"><br></div><div class="battle-history">[The opposing Regigigas's Poison Heal]<br><small>The opposing Regigigas had its HP restored.</small><br></div><div class="spacer battle-history"><br></div><h2 class="battle-history">Turn 12</h2><div class="spacer battle-history"><br></div><div class="battle-history">The opposing Regigigas used <strong>Glare</strong>!<br></div><div class="battle-history"><small>Morgana is paralyzed! It may be unable to move!</small><br></div><div class="spacer battle-history"><br></div><div class="battle-history">Morgana used <strong>Quiver Dance</strong>!<br></div><div class="battle-history"><small>Morgana's Sp. Atk rose!</small><br></div><div class="battle-history"><small>Morgana's Sp. Def rose!</small><br></div><div class="battle-history"><small>Morgana's Speed rose!</small><br></div><div class="spacer battle-history"><br></div><h2 class="battle-history">Turn 13</h2><div class="spacer battle-history"><br></div><div class="battle-history">The opposing Regigigas used <strong>U-turn</strong>!<br></div><div class="battle-history"><small>It's not very effective...</small><br></div><div class="battle-history"><small>(Morgana lost 6% of its health!)</small><br></div><div class="spacer battle-history"><br></div><div class="battle-history">The opposing Regigigas went back to Asou&amp;Chihiro!<br></div><div class="battle-history">Asou&amp;Chihiro sent out Swampert (<strong>Swampert-Mega</strong>)!<br></div><div class="spacer battle-history"><br></div><div class="battle-history">Morgana used <strong>Blue Flare</strong>!<br></div><div class="battle-history"><small>It's not very effective...</small><br></div><div class="battle-history"><small>(The opposing Swampert lost 29% of its health!)</small><br></div><div class="battle-history"><small>Morgana lost some of its HP!</small><br></div><div class="spacer battle-history"><br></div><h2 class="battle-history">Turn 14</h2><div class="spacer battle-history"><br></div><div class="battle-history">Morgana is paralyzed! It can't move!<br></div><div class="spacer battle-history"><br></div><div class="battle-history">The opposing Swampert used <strong>Volt Switch</strong>!<br></div><div class="battle-history"><small>It's not very effective...</small><br></div><div class="battle-history"><small>(Morgana lost 5% of its health!)</small><br></div><div class="chat"><small> USPT Halcyon joined</small></div><div class="chat chatmessage-cityscapes"><strong style="color:#bb3a9f"><small>☆</small><span class="username" data-name="cityscapes">cityscapes</span>:</strong> <em>rip</em></div><div class="spacer battle-history"><br></div><div class="battle-history">The opposing Swampert went back to Asou&amp;Chihiro!<br></div><div class="battle-history">Asou&amp;Chihiro sent out Pikachu (<strong>Pikachu-World</strong>)!<br></div><div class="battle-history">[The opposing Pikachu's Imposter]<br>The opposing Pikachu transformed into Reshiram!<br></div><div class="spacer battle-history"><br></div><h2 class="battle-history">Turn 15</h2><div class="chat chatmessage-asouchihiro"><strong style="color:#23805e"><small>☆</small><span class="username" data-name="Asou&amp;Chihiro">Asou&amp;Chihiro</span>:</strong> <em>oh sry</em></div><div class="chat"><small> XxSevagxX joined</small></div><div class="chat chatmessage-xxsevagxx"><strong style="color:#643af0"><small> </small><span class="username" data-name="XxSevagxX">XxSevagxX</span>:</strong> <em>go both</em></div><div class="spacer battle-history"><br></div><div class="battle-history">Morgana, come back!<br></div><div class="battle-history">Go! <strong>Solgaleo</strong>!<br></div><div class="battle-history"><small>Solgaleo was hurt by the spikes!</small><br></div><div class="battle-history">[Solgaleo's Primordial Sea]<br><small>A heavy rain began to fall!</small><br></div><div class="spacer battle-history"><br></div><div class="battle-history">The opposing Pikachu used <strong>Eternabeam</strong>!<br></div><div class="battle-history"><small>It's not very effective...</small><br></div><div class="battle-history"><small>(Solgaleo lost 88% of its health!)</small><br></div><div class="spacer battle-history"><br></div><div class="battle-history">Solgaleo fainted!<br></div><div class="battle-history"><small>The heavy rain has lifted!</small><br></div><div class="spacer battle-history"><br></div><div class="battle-history">Go! <strong>Yveltal</strong>!<br></div><div class="spacer battle-history"><br></div><h2 class="battle-history">Turn 16</h2><div class="chat chatmessage-tttech"><strong style="color:#326cc3"><small>+</small><span class="username" data-name="TTTech_">TTTech_</span>:</strong> <em>Winner gets a very childish song from me if they win</em></div><div class="spacer battle-history"><br></div><div class="battle-history">Yveltal used <strong>Glare</strong>!<br></div><div class="battle-history"><small>The opposing Pikachu is paralyzed! It may be unable to move!</small><br></div><div class="spacer battle-history"><br></div><div class="battle-history">The opposing Pikachu must recharge!<br></div><div class="spacer battle-history"><br></div><h2 class="battle-history">Turn 17</h2><div class="spacer battle-history"><br></div><div class="battle-history">Asou&amp;Chihiro withdrew Pikachu!<br></div><div class="battle-history">Asou&amp;Chihiro sent out <strong>Regigigas</strong>!<br></div><div class="spacer battle-history"><br></div><div class="battle-history">Yveltal used <strong>Knock Off</strong>!<br></div><div class="battle-history"><small>(The opposing Regigigas lost 29% of its health!)</small><br></div><div class="battle-history"><small>Yveltal knocked off the opposing Regigigas's Toxic Orb!</small><br></div><div class="spacer battle-history"><br></div><div class="battle-history">[The opposing Regigigas's Poison Heal]<br><small>The opposing Regigigas had its HP restored.</small><br></div><div class="spacer battle-history"><br></div><h2 class="battle-history">Turn 18</h2><div class="spacer battle-history"><br></div><div class="battle-history">The opposing Regigigas used <strong>Facade</strong>!<br></div><div class="battle-history"><small>(Yveltal lost 52% of its health!)</small><br></div><div class="spacer battle-history"><br></div><div class="battle-history">Yveltal used <strong>Rapid Spin</strong>!<br></div><div class="battle-history"><small>(The opposing Regigigas lost 11% of its health!)</small><br></div><div class="battle-history"><small>Yveltal's Speed rose!</small><br></div><div class="battle-history"><small>The spikes disappeared from the ground around your team!</small><br></div><div class="spacer battle-history"><br></div><div class="battle-history">[The opposing Regigigas's Poison Heal]<br><small>The opposing Regigigas had its HP restored.</small><br></div><div class="spacer battle-history"><br></div><h2 class="battle-history">Turn 19</h2><div class="spacer battle-history"><br></div><div class="battle-history">Yveltal used <strong>Soft-Boiled</strong>!<br></div><div class="battle-history"><small>Yveltal had its HP restored.</small><br></div><div class="spacer battle-history"><br></div><div class="battle-history">The opposing Regigigas used <strong>Spikes</strong>!<br></div><div class="battle-history"><small>Spikes were scattered on the ground all around your team!</small><br></div><div class="spacer battle-history"><br></div><div class="battle-history">[The opposing Regigigas's Poison Heal]<br><small>The opposing Regigigas had its HP restored.</small><br></div><div class="spacer battle-history"><br></div><h2 class="battle-history">Turn 20</h2><div class="spacer battle-history"><br></div><div class="battle-history">Yveltal used <strong>Rapid Spin</strong>!<br></div><div class="battle-history"><small>(The opposing Regigigas lost 10% of its health!)</small><br></div><div class="battle-history"><small>Yveltal's Speed rose!</small><br></div><div class="battle-history"><small>The spikes disappeared from the ground around your team!</small><br></div><div class="spacer battle-history"><br></div><div class="battle-history">The opposing Regigigas used <strong>Facade</strong>!<br></div><div class="battle-history"><small>(Yveltal lost 57% of its health!)</small><br></div><div class="spacer battle-history"><br></div><div class="battle-history">[The opposing Regigigas's Poison Heal]<br><small>The opposing Regigigas had its HP restored.</small><br></div><div class="spacer battle-history"><br></div><h2 class="battle-history">Turn 21</h2><div class="spacer battle-history"><br></div><div class="battle-history">Yveltal used <strong>Soft-Boiled</strong>!<br></div><div class="battle-history"><small>Yveltal had its HP restored.</small><br></div><div class="spacer battle-history"><br></div><div class="battle-history">The opposing Regigigas used <strong>Facade</strong>!<br></div><div class="battle-history"><small>(Yveltal lost 53% of its health!)</small><br></div><div class="spacer battle-history"><br></div><div class="battle-history">[The opposing Regigigas's Poison Heal]<br><small>The opposing Regigigas had its HP restored.</small><br></div><div class="spacer battle-history"><br></div><h2 class="battle-history">Turn 22</h2><div class="spacer battle-history"><br></div><div class="battle-history">Yveltal, come back!<br></div><div class="battle-history">Go! Arceus (<strong>Arceus-Fairy</strong>)!<br></div><div class="spacer battle-history"><br></div><div class="battle-history">The opposing Regigigas used <strong>Facade</strong>!<br></div><div class="battle-history"><small>(Arceus lost 49% of its health!)</small><br></div><div class="spacer battle-history"><br></div><h2 class="battle-history">Turn 23</h2><div class="spacer battle-history"><br></div><div class="battle-history">Arceus used <strong>Strength Sap</strong>!<br></div><div class="battle-history"><small>The opposing Regigigas's Attack fell!</small><br></div><div class="battle-history"><small>Arceus had its HP restored.</small><br></div><div class="spacer battle-history"><br></div><div class="battle-history">The opposing Regigigas used <strong>Glare</strong>!<br></div><div class="battle-history"><small>Arceus is paralyzed! It may be unable to move!</small><br></div><div class="spacer battle-history"><br></div><h2 class="battle-history">Turn 24</h2><div class="chat"><small>+TTTech_ left</small></div><div class="spacer battle-history"><br></div><div class="battle-history">The opposing Regigigas used <strong>U-turn</strong>!<br></div><div class="battle-history"><small>It's not very effective...</small><br></div><div class="battle-history"><small>(Arceus lost 6% of its health!)</small><br></div><div class="spacer battle-history"><br></div><div class="battle-history">The opposing Regigigas went back to Asou&amp;Chihiro!<br></div><div class="battle-history">Asou&amp;Chihiro sent out Swampert (<strong>Swampert-Mega</strong>)!<br></div><div class="spacer battle-history"><br></div><div class="battle-history">Arceus is paralyzed! It can't move!<br></div><div class="spacer battle-history"><br></div><h2 class="battle-history">Turn 25</h2><div class="spacer battle-history"><br></div><div class="battle-history">Arceus, come back!<br></div><div class="battle-history">Go! Purplerf Rfrog (<strong>Swampert-Mega</strong>)!<br></div><div class="spacer battle-history"><br></div><div class="battle-history">The opposing Swampert used <strong>Volt Switch</strong>!<br></div><div class="battle-history"><small>It doesn't affect Purplerf Rfrog...</small><br></div><div class="spacer battle-history"><br></div><h2 class="battle-history">Turn 26</h2><div class="chat"><small>+TTTech_ joined</small></div><div class="spacer battle-history"><br></div><div class="battle-history">The opposing Swampert went back to Asou&amp;Chihiro!<br></div><div class="battle-history">Asou&amp;Chihiro sent out Arceus (<strong>Arceus-Ghost</strong>)!<br></div><div class="spacer battle-history"><br></div><div class="battle-history">Purplerf Rfrog used <strong>Aromatherapy</strong>!<br></div><div class="battle-history"><small>A soothing aroma wafted through the area!</small><br></div><div class="battle-history"><small>Arceus was cured of paralysis!</small><br></div><div class="battle-history"><small>Morgana was cured of paralysis!</small><br></div><div class="spacer battle-history"><br></div><h2 class="battle-history">Turn 27</h2><div class="spacer battle-history"><br></div><div class="battle-history">The opposing Arceus used <strong>Glare</strong>!<br></div><div class="battle-history"><small>Purplerf Rfrog is paralyzed! It may be unable to move!</small><br></div><div class="spacer battle-history"><br></div><div class="battle-history">Purplerf Rfrog used <strong>Volt Switch</strong>!<br></div><div class="battle-history"><small>(The opposing Arceus lost 10% of its health!)</small><br></div><div class="spacer battle-history"><br></div><div class="battle-history">Purplerf Rfrog went back to cityscapes!<br></div><div class="battle-history">Go! <strong>Regigigas</strong>!<br></div><div class="spacer battle-history"><br></div><div class="battle-history"><small>Regigigas was badly poisoned!</small><br></div><div class="spacer battle-history"><br></div><h2 class="battle-history">Turn 28</h2><div class="spacer battle-history"><br></div><div class="battle-history">Regigigas, come back!<br></div><div class="battle-history">Go! <strong>Yveltal</strong>!<br></div><div class="spacer battle-history"><br></div><div class="battle-history">The opposing Arceus used <strong>Glare</strong>!<br></div><div class="battle-history"><small>Yveltal is paralyzed! It may be unable to move!</small><br></div><div class="spacer battle-history"><br></div><h2 class="battle-history">Turn 29</h2><div class="spacer battle-history"><br></div><div class="battle-history">Asou&amp;Chihiro withdrew Arceus!<br></div><div class="battle-history">Asou&amp;Chihiro sent out <strong>Regigigas</strong>!<br></div><div class="spacer battle-history"><br></div><div class="battle-history">Yveltal, come back!<br></div><div class="battle-history">Go! Arceus (<strong>Arceus-Fairy</strong>)!<br></div><div class="spacer battle-history"><br></div><h2 class="battle-history">Turn 30</h2><div class="spacer battle-history"><br></div><div class="battle-history">Asou&amp;Chihiro withdrew Regigigas!<br></div><div class="battle-history">Asou&amp;Chihiro sent out Swampert (<strong>Swampert-Mega</strong>)!<br></div><div class="spacer battle-history"><br></div><div class="battle-history">Arceus used <strong>Tail Glow</strong>!<br></div><div class="battle-history"><small>Arceus's Sp. Atk rose drastically!</small><br></div><div class="spacer battle-history"><br></div><h2 class="battle-history">Turn 31</h2><div class="chat"><small>+ASnomPlaysShowdown joined</small></div><div class="spacer battle-history"><br></div><div class="battle-history">Arceus used <strong>Boomburst</strong>!<br></div><div class="battle-history"><small>(The opposing Swampert lost 100% of its health!)</small><br></div><div class="spacer battle-history"><br></div><div class="battle-history">The opposing Swampert fainted!<br></div><div class="spacer battle-history"><br></div><div class="battle-history">Asou&amp;Chihiro sent out Arceus (<strong>Arceus-Ghost</strong>)!<br></div><div class="spacer battle-history"><br></div><h2 class="battle-history">Turn 32</h2><div class="spacer battle-history"><br></div><div class="battle-history">Arceus used <strong>Nuzzle</strong>!<br></div><div class="battle-history"><small>(The opposing Arceus lost 2% of its health!)</small><br></div><div class="battle-history"><small>The opposing Arceus is paralyzed! It may be unable to move!</small><br></div><div class="spacer battle-history"><br></div><div class="battle-history">The opposing Arceus used <strong>Worry Seed</strong>!<br></div><div class="battle-history">[Arceus's Pixilate]<br></div><div class="battle-history">[Arceus's Insomnia]<br><small>Arceus acquired Insomnia!</small><br></div><div class="spacer battle-history"><br></div><h2 class="battle-history">Turn 33</h2><div class="chat"><small> quojova joined</small></div><div class="spacer battle-history"><br></div><div class="battle-history">Arceus, come back!<br></div><div class="battle-history">Go! Morgana (<strong>Reshiram</strong>)!<br></div><div class="spacer battle-history"><br></div><div class="battle-history">Asou&amp;Chihiro withdrew Arceus!<br></div><div class="battle-history">Asou&amp;Chihiro sent out Aerodactyl (<strong>Aerodactyl-Mega</strong>)!<br></div><div class="spacer battle-history"><br></div><h2 class="battle-history">Turn 34</h2><div class="spacer battle-history"><br></div><div class="battle-history">The opposing Aerodactyl used <strong>Head Smash</strong>!<br></div><div class="battle-history"><small>It's super effective!</small><br></div><div class="battle-history"><small>(Morgana lost 64% of its health!)</small><br></div><div class="spacer battle-history"><br></div><div class="battle-history">Morgana used <strong>Strength Sap</strong>!<br></div><div class="battle-history"><small>The opposing Aerodactyl's Attack fell!</small><br></div><div class="battle-history"><small>Morgana had its HP restored.</small><br></div><div class="spacer battle-history"><br></div><h2 class="battle-history">Turn 35</h2><div class="chat chatmessage-xxsevagxx"><strong style="color:#643af0"><small> </small><span class="username" data-name="XxSevagxX">XxSevagxX</span>:</strong> <em>lol</em></div><div class="chat chatmessage-quojova"><strong style="color:#a69212"><small> </small><span class="username" data-name="quojova">quojova</span>:</strong> <em>ATE</em></div><div class="chat chatmessage-tttech"><strong style="color:#326cc3"><small>+</small><span class="username" data-name="TTTech_">TTTech_</span>:</strong> <em>Min roll, gotta be</em></div><div class="chat chatmessage-tttech"><strong style="color:#326cc3"><small>+</small><span class="username" data-name="TTTech_">TTTech_</span>:</strong> <em>Smh</em></div><div class="chat chatmessage-asnomplaysshowdown"><strong style="color:#1bb1b6"><small>+</small><span class="username" data-name="ASnomPlaysShowdown">ASnomPlaysShowdown</span>:</strong> <em>yeah</em></div><div class="chat chatmessage-cityscapes"><strong style="color:#bb3a9f"><small>☆</small><span class="username" data-name="cityscapes">cityscapes</span>:</strong> <em>morgius sweep???</em></div><div class="chat"><small> dinodude7777 joined</small></div><div class="chat chatmessage-asouchihiro"><strong style="color:#23805e"><small>☆</small><span class="username" data-name="Asou&amp;Chihiro">Asou&amp;Chihiro</span>:</strong> <em>are you +def</em></div><div class="chat chatmessage-quojova"><strong style="color:#a69212"><small> </small><span class="username" data-name="quojova">quojova</span>:</strong> <em>neither frogs are shiny...</em></div><div class="chat chatmessage-cityscapes"><strong style="color:#bb3a9f"><small>☆</small><span class="username" data-name="cityscapes">cityscapes</span>:</strong> <em>nope</em></div><div class="chat chatmessage-asouchihiro"><strong style="color:#23805e"><small>☆</small><span class="username" data-name="Asou&amp;Chihiro">Asou&amp;Chihiro</span>:</strong> <em>252 Atk Life Orb Aerodactyl-Mega Head Smash vs. 252 HP / 252 Def Fur Coat Reshiram: 260-307 (64.3 - 75.9%) -- guaranteed 2HKO</em></div><div class="chat chatmessage-dinodude7777"><strong style="color:#c04764"><small> </small><span class="username" data-name="dinodude7777">dinodude7777</span>:</strong> <em>waste of server bandwidth </em></div><div class="chat chatmessage-cityscapes"><strong style="color:#bb3a9f"><small>☆</small><span class="username" data-name="cityscapes">cityscapes</span>:</strong> <em>rip</em></div><div class="spacer battle-history"><br></div><div class="battle-history">Asou&amp;Chihiro withdrew Aerodactyl!<br></div><div class="battle-history">Asou&amp;Chihiro sent out Arceus (<strong>Arceus-Ghost</strong>)!<br></div><div class="spacer battle-history"><br></div><div class="battle-history">Morgana used <strong>Eternabeam</strong>!<br></div><div class="battle-history"><small>(The opposing Arceus lost 68% of its health!)</small><br></div><div class="battle-history"><small>Morgana lost some of its HP!</small><br></div><div class="spacer battle-history"><br></div><h2 class="battle-history">Turn 36</h2><div class="chat chatmessage-asouchihiro"><strong style="color:#23805e"><small>☆</small><span class="username" data-name="Asou&amp;Chihiro">Asou&amp;Chihiro</span>:</strong> <em>well misclicked</em></div><div class="chat chatmessage-asouchihiro"><strong style="color:#23805e"><small>☆</small><span class="username" data-name="Asou&amp;Chihiro">Asou&amp;Chihiro</span>:</strong> <em>but ok</em></div><div class="chat chatmessage-tttech"><strong style="color:#326cc3"><small>+</small><span class="username" data-name="TTTech_">TTTech_</span>:</strong> <em>Literally a min roll</em></div><div class="chat chatmessage-tttech"><strong style="color:#326cc3"><small>+</small><span class="username" data-name="TTTech_">TTTech_</span>:</strong> <em>Called it</em></div><div class="spacer battle-history"><br></div><div class="battle-history">Morgana must recharge!<br></div><div class="spacer battle-history"><br></div><div class="battle-history">The opposing Arceus used <strong>Roost</strong>!<br></div><div class="battle-history"><small>The opposing Arceus had its HP restored.</small><br></div><div class="spacer battle-history"><br></div><h2 class="battle-history">Turn 37</h2><div class="spacer battle-history"><br></div><div class="battle-history">Morgana used <strong>Blue Flare</strong>!<br></div><div class="battle-history"><small>(The opposing Arceus lost 61% of its health!)</small><br></div><div class="battle-history"><small>Morgana lost some of its HP!</small><br></div><div class="spacer battle-history"><br></div><div class="battle-history">The opposing Arceus used <strong>Glare</strong>!<br></div><div class="battle-history"><small>Morgana is paralyzed! It may be unable to move!</small><br></div><div class="spacer battle-history"><br></div><h2 class="battle-history">Turn 38</h2><div class="chat chatmessage-cityscapes"><strong style="color:#bb3a9f"><small>☆</small><span class="username" data-name="cityscapes">cityscapes</span>:</strong> <em>this mon is an abomination</em></div><div class="spacer battle-history"><br></div><div class="battle-history">The opposing Arceus used <strong>Hex</strong>!<br></div><div class="battle-history"><small>(Morgana lost 46% of its health!)</small><br></div><div class="spacer battle-history"><br></div><div class="battle-history">Morgana is paralyzed! It can't move!<br></div><div class="spacer battle-history"><br></div><h2 class="battle-history">Turn 39</h2><div class="spacer battle-history"><br></div><div class="battle-history">The opposing Arceus used <strong>Roost</strong>!<br></div><div class="battle-history"><small>The opposing Arceus had its HP restored.</small><br></div><div class="spacer battle-history"><br></div><div class="battle-history">Morgana used <strong>Blue Flare</strong>!<br></div><div class="battle-history"><small>(The opposing Arceus lost 55% of its health!)</small><br></div><div class="battle-history"><small>Morgana lost some of its HP!</small><br></div><div class="spacer battle-history"><br></div><h2 class="battle-history">Turn 40</h2><div class="spacer battle-history"><br></div><div class="battle-history">The opposing Arceus used <strong>Hex</strong>!<br></div><div class="battle-history"><small>(Morgana lost 19% of its health!)</small><br></div><div class="spacer battle-history"><br></div><div class="battle-history">Morgana fainted!<br></div><div class="spacer battle-history"><br></div><div class="battle-history">Go! <strong>Regigigas</strong>!<br></div><div class="spacer battle-history"><br></div><h2 class="battle-history">Turn 41</h2><div class="spacer battle-history"><br></div><div class="battle-history">Regigigas used <strong>Precipice Blades</strong>!<br></div><div class="battle-history"><small>(The opposing Arceus lost 4% of its health!)</small><br></div><div class="spacer battle-history"><br></div><div class="battle-history">The opposing Arceus fainted!<br></div><div class="spacer battle-history"><br></div><div class="battle-history">Asou&amp;Chihiro sent out Aerodactyl (<strong>Aerodactyl-Mega</strong>)!<br></div><div class="spacer battle-history"><br></div><h2 class="battle-history">Turn 42</h2><div class="spacer battle-history"><br></div><div class="battle-history">Regigigas, come back!<br></div><div class="battle-history">Go! <strong>Yveltal</strong>!<br></div><div class="spacer battle-history"><br></div><div class="battle-history">The opposing Aerodactyl used <strong>Head Smash</strong>!<br></div><div class="battle-history"><small>It's super effective!</small><br></div><div class="battle-history"><small>(Yveltal lost 38% of its health!)</small><br></div><div class="spacer battle-history"><br></div><div class="battle-history">Yveltal fainted!<br></div><div class="spacer battle-history"><br></div><div class="battle-history">Go! Arceus (<strong>Arceus-Fairy</strong>)!<br></div><div class="spacer battle-history"><br></div><h2 class="battle-history">Turn 43</h2><div class="spacer battle-history"><br></div><div class="battle-history">Asou&amp;Chihiro withdrew Aerodactyl!<br></div><div class="battle-history">Asou&amp;Chihiro sent out Pikachu (<strong>Pikachu-World</strong>)!<br></div><div class="battle-history">[The opposing Pikachu's Imposter]<br>The opposing Pikachu transformed into Arceus-Fairy!<br></div><div class="spacer battle-history"><br></div><div class="battle-history">Arceus used <strong>Strength Sap</strong>!<br></div><div class="battle-history"><small>The opposing Pikachu's Attack fell!</small><br></div><div class="battle-history"><small>Arceus had its HP restored.</small><br></div><div class="spacer battle-history"><br></div><h2 class="battle-history">Turn 44</h2><div class="spacer battle-history"><br></div><div class="battle-history">Arceus used <strong>Boomburst</strong>!<br></div><div class="battle-history"><small>(The opposing Pikachu lost 94% of its health!)</small><br></div><div class="spacer battle-history"><br></div><div class="battle-history">The opposing Pikachu used <strong>Nuzzle</strong>!<br></div><div class="battle-history"><small>(Arceus lost 3% of its health!)</small><br></div><div class="battle-history"><small>Arceus is paralyzed! It may be unable to move!</small><br></div><div class="spacer battle-history"><br></div><h2 class="battle-history">Turn 45</h2><div class="spacer battle-history"><br></div><div class="battle-history">Arceus, come back!<br></div><div class="battle-history">Go! <strong>Regigigas</strong>!<br></div><div class="spacer battle-history"><br></div><div class="battle-history">The opposing Pikachu is paralyzed! It can't move!<br></div><div class="spacer battle-history"><br></div><h2 class="battle-history">Turn 46</h2><div class="chat chatmessage-asouchihiro"><strong style="color:#23805e"><small>☆</small><span class="username" data-name="Asou&amp;Chihiro">Asou&amp;Chihiro</span>:</strong> <em>rip</em></div><div class="spacer battle-history"><br></div><div class="battle-history">Asou&amp;Chihiro withdrew Pikachu!<br></div><div class="battle-history">Asou&amp;Chihiro sent out Aerodactyl (<strong>Aerodactyl-Mega</strong>)!<br></div><div class="spacer battle-history"><br></div><div class="battle-history">Regigigas used <strong>Facade</strong>!<br></div><div class="battle-history"><small>It's not very effective...</small><br></div><div class="battle-history"><small>(The opposing Aerodactyl lost 38% of its health!)</small><br></div><div class="spacer battle-history"><br></div><h2 class="battle-history">Turn 47</h2><div class="chat chatmessage-cityscapes"><strong style="color:#bb3a9f"><small>☆</small><span class="username" data-name="cityscapes">cityscapes</span>:</strong> <em>how does that even live though </em></div><div class="spacer battle-history"><br></div><div class="battle-history">Regigigas, come back!<br></div><div class="battle-history">Go! Purplerf Rfrog (<strong>Swampert-Mega</strong>)!<br></div><div class="spacer battle-history"><br></div><div class="battle-history">The opposing Aerodactyl used <strong>Brave Bird</strong>!<br></div><div class="battle-history"><small>(Purplerf Rfrog lost 48% of its health!)</small><br></div><div class="spacer battle-history"><br></div><h2 class="battle-history">Turn 48</h2><div class="chat chatmessage-asouchihiro"><strong style="color:#23805e"><small>☆</small><span class="username" data-name="Asou&amp;Chihiro">Asou&amp;Chihiro</span>:</strong> <em>idk</em></div><div class="spacer battle-history"><br></div><div class="battle-history">The opposing Aerodactyl used <strong>Brave Bird</strong>!<br></div><div class="battle-history"><small>(Purplerf Rfrog lost 46% of its health!)</small><br></div><div class="spacer battle-history"><br></div><div class="battle-history">Purplerf Rfrog is paralyzed! It can't move!<br></div><div class="spacer battle-history"><br></div><h2 class="battle-history">Turn 49</h2><div class="spacer battle-history"><br></div><div class="battle-history">The opposing Aerodactyl used <strong>Brave Bird</strong>!<br></div><div class="battle-history"><small>(Purplerf Rfrog lost 6% of its health!)</small><br></div><div class="spacer battle-history"><br></div><div class="battle-history">Purplerf Rfrog fainted!<br></div><div class="chat chatmessage-cityscapes"><strong style="color:#bb3a9f"><small>☆</small><span class="username" data-name="cityscapes">cityscapes</span>:</strong> <em>this is really dumb</em></div><div class="spacer battle-history"><br></div><div class="battle-history">Go! Arceus (<strong>Arceus-Fairy</strong>)!<br></div><div class="spacer battle-history"><br></div><h2 class="battle-history">Turn 50</h2><div class="chat chatmessage-dinodude7777"><strong style="color:#c04764"><small> </small><span class="username" data-name="dinodude7777">dinodude7777</span>:</strong> <em>paralysis :)</em></div><div class="spacer battle-history"><br></div><div class="battle-history">Asou&amp;Chihiro withdrew Aerodactyl!<br></div><div class="battle-history">Asou&amp;Chihiro sent out <strong>Regigigas</strong>!<br></div><div class="spacer battle-history"><br></div><div class="battle-history">Arceus used <strong>Nuzzle</strong>!<br></div><div class="battle-history"><small>(The opposing Regigigas lost 2% of its health!)</small><br></div><div class="spacer battle-history"><br></div><div class="battle-history">[The opposing Regigigas's Poison Heal]<br><small>The opposing Regigigas had its HP restored.</small><br></div><div class="spacer battle-history"><br></div><h2 class="battle-history">Turn 51</h2><div class="spacer battle-history"><br></div><div class="battle-history">The opposing Regigigas used <strong>Facade</strong>!<br></div><div class="battle-history"><small>(Arceus lost 49% of its health!)</small><br></div><div class="spacer battle-history"><br></div><div class="battle-history">Arceus is paralyzed! It can't move!<br></div><div class="spacer battle-history"><br></div><h2 class="battle-history">Turn 52</h2><div class="spacer battle-history"><br></div><div class="battle-history">The opposing Regigigas used <strong>Facade</strong>!<br></div><div class="battle-history"><small>(Arceus lost 48% of its health!)</small><br></div><div class="spacer battle-history"><br></div><div class="battle-history">Arceus fainted!<br></div><div class="spacer battle-history"><br></div><div class="battle-history">Go! <strong>Regigigas</strong>!<br></div><div class="spacer battle-history"><br></div><h2 class="battle-history">Turn 53</h2><div class="spacer battle-history"><br></div><div class="battle-history">The opposing Regigigas used <strong>Facade</strong>!<br></div><div class="battle-history"><small>(Regigigas lost 57% of its health!)</small><br></div><div class="spacer battle-history"><br></div><div class="battle-history">Regigigas used <strong>Dragon Dance</strong>!<br></div><div class="battle-history"><small>Regigigas's Attack rose!</small><br></div><div class="battle-history"><small>Regigigas's Speed rose!</small><br></div><div class="spacer battle-history"><br></div><div class="battle-history">[Regigigas's Poison Heal]<br><small>Regigigas had its HP restored.</small><br></div><div class="spacer battle-history"><br></div><h2 class="battle-history">Turn 54</h2><div class="chat chatmessage-cityscapes"><strong style="color:#bb3a9f"><small>☆</small><span class="username" data-name="cityscapes">cityscapes</span>:</strong> <em>so gross</em></div><div class="chat chatmessage-cityscapes"><strong style="color:#bb3a9f"><small>☆</small><span class="username" data-name="cityscapes">cityscapes</span>:</strong> <em> i won if i got either of those</em></div><div class="spacer battle-history"><br></div><div class="battle-history">Regigigas used <strong>Dragon Dance</strong>!<br></div><div class="battle-history"><small>Regigigas's Attack rose!</small><br></div><div class="battle-history"><small>Regigigas's Speed rose!</small><br></div><div class="spacer battle-history"><br></div><div class="battle-history">The opposing Regigigas used <strong>Facade</strong>!<br></div><div class="battle-history"><small>(Regigigas lost 56% of its health!)</small><br></div><div class="spacer battle-history"><br></div><div class="battle-history">Regigigas fainted!<br></div><div class="spacer battle-history"><br></div><div class="battle-history"><strong>Asou&amp;Chihiro</strong> won the battle!<br></div><div class="chat chatmessage-asouchihiro"><strong style="color:#23805e"><small>☆</small><span class="username" data-name="Asou&amp;Chihiro">Asou&amp;Chihiro</span>:</strong> <em>hm</em></div><div class="chat chatmessage-quojova"><strong style="color:#a69212"><small> </small><span class="username" data-name="quojova">quojova</span>:</strong> <em>rip</em></div><div class="chat chatmessage-tttech"><strong style="color:#326cc3"><small>+</small><span class="username" data-name="TTTech_">TTTech_</span>:</strong> <em>Rip</em></div><div class="chat chatmessage-cityscapes"><strong style="color:#bb3a9f"><small>☆</small><span class="username" data-name="cityscapes">cityscapes</span>:</strong> <em>the para on pert</em></div><div class="chat chatmessage-quojova"><strong style="color:#a69212"><small> </small><span class="username" data-name="quojova">quojova</span>:</strong> <em>dont u also live 2 facades most of the time</em></div><div class="chat chatmessage-cityscapes"><strong style="color:#bb3a9f"><small>☆</small><span class="username" data-name="cityscapes">cityscapes</span>:</strong> <em> and on arc</em></div><div class="chat chatmessage-quojova"><strong style="color:#a69212"><small> </small><span class="username" data-name="quojova">quojova</span>:</strong> <em>even with ada</em></div><div class="chat chatmessage-asouchihiro"><strong style="color:#23805e"><small>☆</small><span class="username" data-name="Asou&amp;Chihiro">Asou&amp;Chihiro</span>:</strong> <em>someone told me not to say sry for paras if it's meant but</em></div><div class="chat chatmessage-quojova"><strong style="color:#a69212"><small> </small><span class="username" data-name="quojova">quojova</span>:</strong> <em>or i am remembering wrong</em></div><div class="chat chatmessage-quojova"><strong style="color:#a69212"><small> </small><span class="username" data-name="quojova">quojova</span>:</strong> <em>am i*</em></div><div class="chat"><small>+Tapler joined</small></div><div class="chat chatmessage-asouchihiro"><strong style="color:#23805e"><small>☆</small><span class="username" data-name="Asou&amp;Chihiro">Asou&amp;Chihiro</span>:</strong> <em>it's not deserved i can say</em></div><div class="chat chatmessage-asouchihiro"><strong style="color:#23805e"><small>☆</small><span class="username" data-name="Asou&amp;Chihiro">Asou&amp;Chihiro</span>:</strong> <em>wp</em></div><div class="chat chatmessage-cityscapes"><strong style="color:#bb3a9f"><small>☆</small><span class="username" data-name="cityscapes">cityscapes</span>:</strong> <em>i didn’t play that well</em></div><div class="chat chatmessage-tapler"><strong style="color:#b48122"><small>+</small><span class="username" data-name="Tapler">Tapler</span>:</strong> <em>couldn't you have boombursted instead of nuzzled on the aero switch?</em></div><div class="chat chatmessage-cityscapes"><strong style="color:#bb3a9f"><small>☆</small><span class="username" data-name="cityscapes">cityscapes</span>:</strong> <em> i should have won with no luck</em></div><div class="chat chatmessage-tapler"><strong style="color:#b48122"><small>+</small><span class="username" data-name="Tapler">Tapler</span>:</strong> <em>third chance to break through the para</em></div><div class="chat chatmessage-tapler"><strong style="color:#b48122"><small>+</small><span class="username" data-name="Tapler">Tapler</span>:</strong> <em>might be missing something about nuzzle tho</em></div><div class="chat chatmessage-xxsevagxx"><strong style="color:#643af0"><small> </small><span class="username" data-name="XxSevagxX">XxSevagxX</span>:</strong> <em>probably</em></div><div class="chat chatmessage-xxsevagxx"><strong style="color:#643af0"><small> </small><span class="username" data-name="XxSevagxX">XxSevagxX</span>:</strong> <em>wanted to sap on aero</em></div><div class="chat chatmessage-cityscapes"><strong style="color:#bb3a9f"><small>☆</small><span class="username" data-name="cityscapes">cityscapes</span>:</strong> <em>yeah </em></div><div class="chat chatmessage-tapler"><strong style="color:#b48122"><small>+</small><span class="username" data-name="Tapler">Tapler</span>:</strong> <em>gotcha</em></div><div class="chat chatmessage-xxsevagxx"><strong style="color:#643af0"><small> </small><span class="username" data-name="XxSevagxX">XxSevagxX</span>:</strong> <em>you would need 2 dragon dances on regigigas regardless</em></div><div class="chat"><small> quojova, ☆cityscapes, +TTTech_,  XxSevagxX, ☆Asou&amp;Chihiro, and 2 others left</small></div></div><div class="inner-preempt message-log"></div></div></div>
</div>
<script>
let daily = Math.floor(Date.now()/1000/60/60/24);document.write('<script src="http://petmodsdh.com/js/replay-embed.js?version'+daily+'"></'+'script>');
</script>
