<!DOCTYPE html>
<meta charset="utf-8" />
<!-- version 1 -->
<title>[Gen 8] JolteMons replay: swagggod vs. EeveeGirl_Star13</title>
<style>
html,body {font-family:Verdana, sans-serif;font-size:10pt;margin:0;padding:0;}body{padding:12px 0;} .battle-log {font-family:Verdana, sans-serif;font-size:10pt;} .battle-log-inline {border:1px solid #AAAAAA;background:#EEF2F5;color:black;max-width:640px;margin:0 auto 80px;padding-bottom:5px;} .battle-log .inner {padding:4px 8px 0px 8px;} .battle-log .inner-preempt {padding:0 8px 4px 8px;} .battle-log .inner-after {margin-top:0.5em;} .battle-log h2 {margin:0.5em -8px;padding:4px 8px;border:1px solid #AAAAAA;background:#E0E7EA;border-left:0;border-right:0;font-family:Verdana, sans-serif;font-size:13pt;} .battle-log .chat {vertical-align:middle;padding:3px 0 3px 0;font-size:8pt;} .battle-log .chat strong {color:#40576A;} .battle-log .chat em {padding:1px 4px 1px 3px;color:#000000;font-style:normal;} .chat.mine {background:rgba(0,0,0,0.05);margin-left:-8px;margin-right:-8px;padding-left:8px;padding-right:8px;} .spoiler {color:#BBBBBB;background:#BBBBBB;padding:0px 3px;} .spoiler:hover, .spoiler:active, .spoiler-shown {color:#000000;background:#E2E2E2;padding:0px 3px;} .spoiler a {color:#BBBBBB;} .spoiler:hover a, .spoiler:active a, .spoiler-shown a {color:#2288CC;} .chat code, .chat .spoiler:hover code, .chat .spoiler:active code, .chat .spoiler-shown code {border:1px solid #C0C0C0;background:#EEEEEE;color:black;padding:0 2px;} .chat .spoiler code {border:1px solid #CCCCCC;background:#CCCCCC;color:#CCCCCC;} .battle-log .rated {padding:3px 4px;} .battle-log .rated strong {color:white;background:#89A;padding:1px 4px;border-radius:4px;} .spacer {margin-top:0.5em;} .message-announce {background:#6688AA;color:white;padding:1px 4px 2px;} .message-announce a, .broadcast-green a, .broadcast-blue a, .broadcast-red a {color:#DDEEFF;} .broadcast-green {background-color:#559955;color:white;padding:2px 4px;} .broadcast-blue {background-color:#6688AA;color:white;padding:2px 4px;} .infobox {border:1px solid #6688AA;padding:2px 4px;} .infobox-limited {max-height:200px;overflow:auto;overflow-x:hidden;} .broadcast-red {background-color:#AA5544;color:white;padding:2px 4px;} .message-learn-canlearn {font-weight:bold;color:#228822;text-decoration:underline;} .message-learn-cannotlearn {font-weight:bold;color:#CC2222;text-decoration:underline;} .message-effect-weak {font-weight:bold;color:#CC2222;} .message-effect-resist {font-weight:bold;color:#6688AA;} .message-effect-immune {font-weight:bold;color:#666666;} .message-learn-list {margin-top:0;margin-bottom:0;} .message-throttle-notice, .message-error {color:#992222;} .message-overflow, .chat small.message-overflow {font-size:0pt;} .message-overflow::before {font-size:9pt;content:'...';} .subtle {color:#3A4A66;}
</style>
<div class="wrapper replay-wrapper" style="max-width:1180px;margin:0 auto">
<input type="hidden" name="replayid" value="dragonheaven-gen8joltemons-50" />
<div class="battle"></div><div class="battle-log"></div><div class="replay-controls"></div><div class="replay-controls-2"></div>
<h1 style="font-weight:normal;text-align:center"><strong>[Gen 8] JolteMons</strong><br /><a href="http://pokemonshowdown.com/users/swagggod" class="subtle" target="_blank">swagggod</a> vs. <a href="http://pokemonshowdown.com/users/eeveegirlstar13" class="subtle" target="_blank">EeveeGirl_Star13</a></h1>
<script type="text/plain" class="battle-log-data">|j|☆swagggod
|j|☆EeveeGirl_Star13
|t:|1654383153
|player|p1|swagggod|266|
|player|p2|EeveeGirl_Star13|roxie|
|teamsize|p1|6
|teamsize|p2|6
|gametype|singles
|gen|8
|tier|[Gen 8] JolteMons
|clearpoke
|poke|p1|Phione|
|poke|p1|Tangela, M|
|poke|p1|Gallade, M|
|poke|p1|Gliscor, M|
|poke|p1|Scizor, M|
|poke|p1|Heatran, F|
|poke|p2|Alcremie-Rainbow-Swirl, F|
|poke|p2|Gliscor, M|
|poke|p2|Dragapult, M|
|poke|p2|Ferrothorn, F|
|poke|p2|Weavile, F|
|poke|p2|Slowbro, F|
|rule|HP Percentage Mod: HP is shown in percentages
|rule|Endless Battle Clause: Forcing endless battles is banned
|rule|OHKO Clause: OHKO moves are banned
|rule|Evasion Moves Clause: Evasion moves are banned
|rule|Species Clause: Limit one of each Pokémon
|rule|Dynamax Clause: You cannot dynamax
|rule|Sleep Clause Mod: Limit one foe put to sleep
|teampreview
|c|☆swagggod|hf
|j|+ZCopen
|c|☆EeveeGirl_Star13|Glhf
|j|+analysis geek
|
|t:|1654383231
|start
|switch|p1a: Phione|Phione|100\/100
|switch|p2a: Shattered|Weavile, F|100\/100
|-start|p2a: Shattered|typechange|Dark\/Ice|[silent]
|raw|<ul class="utilichart"><li class="result"><span class="col pokemonnamecol" style="white-space: nowrap">Weavile<\/span> <span class="col typecol"><img src="https:\/\/dragonheaven.herokuapp.com\/sprites\/types\/Dark.png" alt="Dark" height="14" width="32"><img src="https:\/\/dragonheaven.herokuapp.com\/sprites\/types\/Ice.png" alt="Ice" height="14" width="32"><\/span> <span style="float: left ; min-height: 26px"><span class="col abilitycol">Pressure \/ Scavenge \/ Snow Cloak<\/span><span class="col abilitycol"><\/span><\/span><\/li><li style="clear: both"><\/li><\/ul>
|raw|<ul class="utilichart"><li class="result"><span style="float: left ; min-height: 26px"><span class="col statcol"><em>HP<\/em><br>70<\/span> <span class="col statcol"><em>Atk<\/em><br>120<\/span> <span class="col statcol"><em>Def<\/em><br>65<\/span> <span class="col statcol"><em>SpA<\/em><br>45<\/span> <span class="col statcol"><em>SpD<\/em><br>85<\/span> <span class="col statcol"><em>Spe<\/em><br>125<\/span> <\/span><\/li><li style="clear: both"><\/li><\/ul>
|turn|1
|
|t:|1654383251
|move|p2a: Shattered|Knock Off|p1a: Phione
|-damage|p1a: Phione|73\/100
|move|p1a: Phione|Knock Off|p2a: Shattered
|-resisted|p2a: Shattered
|-damage|p2a: Shattered|85\/100
|-enditem|p2a: Shattered|Soul Blade|[from] move: Knock Off|[of] p1a: Phione
|
|upkeep
|turn|2
|j|+regic boat
|j|+iamasandwich
|l|☆EeveeGirl_Star13
|player|p2|
|j|☆EeveeGirl_Star13
|player|p2|EeveeGirl_Star13|roxie
|l|+iamasandwich
|c|☆EeveeGirl_Star13|Oh snap sry

|c|☆swagggod|wb 
|
|t:|1654383323
|switch|p2a: No no square|Ferrothorn, F|100\/100
|move|p1a: Phione|Life Dew|p1a: Phione
|-heal|p1a: Phione|100\/100
|
|upkeep
|turn|3
|
|t:|1654383328
|switch|p1a: Heatran|Heatran, F|100\/100
|move|p2a: No no square|Leech Seed|p1a: Heatran
|-start|p1a: Heatran|move: Leech Seed
|
|-damage|p1a: Heatran|88\/100|[from] Leech Seed|[of] p2a: No no square
|upkeep
|turn|4
|
|t:|1654383335
|switch|p2a: Sting|Gliscor, M|100\/100
|move|p1a: Heatran|Stealth Rock|p2a: Sting
|-sidestart|p2: EeveeGirl_Star13|move: Stealth Rock
|
|-heal|p1a: Heatran|94\/100|[from] item: Leftovers
|-damage|p1a: Heatran|82\/100|[from] Leech Seed|[of] p2a: Sting
|-status|p2a: Sting|tox|[from] item: Toxic Orb
|upkeep
|turn|5
|
|t:|1654383342
|switch|p1a: Phione|Phione|100\/100
|move|p2a: Sting|Swords Dance|p2a: Sting
|-boost|p2a: Sting|atk|2
|
|upkeep
|turn|6
|
|t:|1654383370
|switch|p2a: No no square|Ferrothorn, F|100\/100
|-damage|p2a: No no square|94\/100|[from] Stealth Rock
|switch|p1a: Tangela|Tangela, M|100\/100
|
|upkeep
|turn|7
|
|t:|1654383377
|switch|p1a: Gliscor|Gliscor, M|100\/100
|move|p2a: No no square|Knock Off|p1a: Gliscor
|-damage|p1a: Gliscor|84\/100
|-enditem|p1a: Gliscor|Toxic Orb|[from] move: Knock Off|[of] p2a: No no square
|
|upkeep
|turn|8
|
|t:|1654383385
|move|p1a: Gliscor|Earthquake|p2a: No no square
|-damage|p2a: No no square|69\/100
|move|p2a: No no square|Leech Seed|p1a: Gliscor
|-start|p1a: Gliscor|move: Leech Seed
|
|-damage|p1a: Gliscor|71\/100|[from] Leech Seed|[of] p2a: No no square
|-heal|p2a: No no square|81\/100|[silent]
|upkeep
|turn|9
|
|t:|1654383389
|switch|p1a: Heatran|Heatran, F|82\/100
|move|p2a: No no square|Spikes|p1a: Heatran
|-sidestart|p1: swagggod|Spikes
|
|-heal|p1a: Heatran|88\/100|[from] item: Leftovers
|upkeep
|turn|10
|
|t:|1654383399
|switch|p2a: Sting|Gliscor, M|100\/100 tox
|-damage|p2a: Sting|88\/100 tox|[from] Stealth Rock
|move|p1a: Heatran|Magma Storm|p2a: Sting
|-damage|p2a: Sting|49\/100 tox
|-activate|p2a: Sting|move: Magma Storm|[of] p1a: Heatran
|
|-heal|p1a: Heatran|94\/100|[from] item: Leftovers
|-heal|p2a: Sting|61\/100 tox|[from] ability: Poison Heal
|-damage|p2a: Sting|49\/100 tox|[from] move: Magma Storm|[partiallytrapped]
|upkeep
|turn|11
|
|t:|1654383409
|switch|p1a: Phione|Phione|100\/100
|-damage|p1a: Phione|88\/100|[from] Spikes
|move|p2a: Sting|Roost|p2a: Sting
|-heal|p2a: Sting|99\/100 tox
|-singleturn|p2a: Sting|move: Roost
|
|-heal|p2a: Sting|100\/100 tox|[from] ability: Poison Heal
|-end|p2a: Sting|Magma Storm|[partiallytrapped]|[silent]
|upkeep
|turn|12
|
|t:|1654383420
|switch|p2a: No no square|Ferrothorn, F|81\/100
|-damage|p2a: No no square|75\/100|[from] Stealth Rock
|move|p1a: Phione|Flip Turn|p2a: No no square
|-resisted|p2a: No no square
|-damage|p2a: No no square|68\/100
|-damage|p1a: Phione|76\/100|[from] ability: Iron Barbs|[of] p2a: No no square
|-damage|p1a: Phione|59\/100|[from] item: Rocky Helmet|[of] p2a: No no square
|
|t:|1654383423
|switch|p1a: Heatran|Heatran, F|94\/100|[from]move: Flip Turn
|-damage|p1a: Heatran|82\/100|[from] Spikes
|
|-heal|p1a: Heatran|88\/100|[from] item: Leftovers
|upkeep
|turn|13
|
|t:|1654383437
|switch|p1a: Phione|Phione|59\/100
|-damage|p1a: Phione|47\/100|[from] Spikes
|switch|p2a: Sting|Gliscor, M|100\/100 tox
|-damage|p2a: Sting|88\/100 tox|[from] Stealth Rock
|
|-heal|p2a: Sting|100\/100 tox|[from] ability: Poison Heal
|upkeep
|turn|14
|
|t:|1654383444
|move|p2a: Sting|Earthquake|p1a: Phione
|-damage|p1a: Phione|21\/100
|move|p1a: Phione|Life Dew|p1a: Phione
|-heal|p1a: Phione|71\/100
|
|upkeep
|turn|15
|
|t:|1654383455
|switch|p2a: No no square|Ferrothorn, F|68\/100
|-damage|p2a: No no square|62\/100|[from] Stealth Rock
|move|p1a: Phione|Life Dew|p1a: Phione
|-heal|p1a: Phione|100\/100
|
|upkeep
|turn|16
|
|t:|1654383467
|switch|p1a: Gliscor|Gliscor, M|71\/100
|move|p2a: No no square|Spikes|p1a: Gliscor
|-sidestart|p1: swagggod|Spikes
|
|upkeep
|turn|17
|
|t:|1654383471
|move|p1a: Gliscor|Defog|p2a: No no square
|-unboost|p2a: No no square|evasion|1
|-sideend|p2: EeveeGirl_Star13|Stealth Rock|[from] move: Defog|[of] p1a: Gliscor
|-sideend|p1: swagggod|Spikes|[from] move: Defog|[of] p1a: Gliscor
|move|p2a: No no square|Leech Seed|p1a: Gliscor
|-start|p1a: Gliscor|move: Leech Seed
|
|-damage|p1a: Gliscor|59\/100|[from] Leech Seed|[of] p2a: No no square
|-heal|p2a: No no square|74\/100|[silent]
|upkeep
|turn|18
|
|t:|1654383476
|switch|p1a: Heatran|Heatran, F|88\/100
|move|p2a: No no square|Spikes|p1a: Heatran
|-sidestart|p1: swagggod|Spikes
|
|-heal|p1a: Heatran|94\/100|[from] item: Leftovers
|upkeep
|turn|19
|
|t:|1654383486
|switch|p1a: Gallade|Gallade, M|100\/100
|-damage|p1a: Gallade|88\/100|[from] Spikes
|switch|p2a: Sting|Gliscor, M|100\/100 tox
|
|upkeep
|turn|20
|
|t:|1654383503
|switch|p2a: SlowBruh|Slowbro, F|100\/100
|move|p1a: Gallade|Triple Axel|p2a: SlowBruh
|-resisted|p2a: SlowBruh
|-damage|p2a: SlowBruh|98\/100
|-resisted|p2a: SlowBruh
|-damage|p2a: SlowBruh|95\/100
|-resisted|p2a: SlowBruh
|-damage|p2a: SlowBruh|88\/100
|-hitcount|p2a: SlowBruh|3
|
|upkeep
|turn|21
|
|t:|1654383508
|switch|p1a: Tangela|Tangela, M|100\/100
|-damage|p1a: Tangela|88\/100|[from] Spikes
|move|p2a: SlowBruh|Scald|p1a: Tangela
|-resisted|p1a: Tangela
|-damage|p1a: Tangela|69\/100
|
|upkeep
|turn|22
|
|t:|1654383528
|switch|p2a: No no square|Ferrothorn, F|74\/100
|move|p1a: Tangela|Sleep Powder|p2a: No no square
|-immune|p2a: No no square
|
|upkeep
|turn|23
|
|t:|1654383536
|switch|p1a: Gliscor|Gliscor, M|59\/100
|move|p2a: No no square|Spikes|p1a: Gliscor
|-sidestart|p1: swagggod|Spikes
|
|upkeep
|turn|24
|
|t:|1654383543
|move|p1a: Gliscor|Defog|p2a: No no square
|-unboost|p2a: No no square|evasion|1
|-sideend|p1: swagggod|Spikes|[from] move: Defog|[of] p1a: Gliscor
|move|p2a: No no square|Leech Seed|p1a: Gliscor
|-start|p1a: Gliscor|move: Leech Seed
|
|-damage|p1a: Gliscor|47\/100|[from] Leech Seed|[of] p2a: No no square
|-heal|p2a: No no square|87\/100|[silent]
|upkeep
|turn|25
|
|t:|1654383548
|move|p1a: Gliscor|Roost|p1a: Gliscor
|-heal|p1a: Gliscor|97\/100
|-singleturn|p1a: Gliscor|move: Roost
|move|p2a: No no square|Knock Off|p1a: Gliscor
|-damage|p1a: Gliscor|84\/100
|
|-damage|p1a: Gliscor|72\/100|[from] Leech Seed|[of] p2a: No no square
|-heal|p2a: No no square|99\/100|[silent]
|upkeep
|turn|26
|
|t:|1654383552
|switch|p1a: Heatran|Heatran, F|94\/100
|move|p2a: No no square|Spikes|p1a: Heatran
|-sidestart|p1: swagggod|Spikes
|
|-heal|p1a: Heatran|100\/100|[from] item: Leftovers
|upkeep
|turn|27
|
|t:|1654383585
|switch|p1a: Phione|Phione|100\/100
|-damage|p1a: Phione|88\/100|[from] Spikes
|switch|p2a: Sting|Gliscor, M|100\/100 tox
|
|upkeep
|turn|28
|
|t:|1654383594
|switch|p2a: No no square|Ferrothorn, F|99\/100
|move|p1a: Phione|Knock Off|p2a: No no square
|-damage|p2a: No no square|85\/100
|-damage|p1a: Phione|76\/100|[from] ability: Iron Barbs|[of] p2a: No no square
|-damage|p1a: Phione|59\/100|[from] item: Rocky Helmet|[of] p2a: No no square
|-enditem|p2a: No no square|Rocky Helmet|[from] move: Knock Off|[of] p1a: Phione
|
|upkeep
|turn|29
|
|t:|1654383600
|move|p1a: Phione|Life Dew|p1a: Phione
|-heal|p1a: Phione|100\/100
|move|p2a: No no square|Power Whip|p1a: Phione
|-supereffective|p1a: Phione
|-damage|p1a: Phione|39\/100
|
|upkeep
|turn|30
|
|t:|1654383609
|switch|p1a: Tangela|Tangela, M|100\/100
|-damage|p1a: Tangela|88\/100|[from] Spikes
|move|p2a: No no square|Knock Off|p1a: Tangela
|-damage|p1a: Tangela|78\/100
|-enditem|p1a: Tangela|Eviolite|[from] move: Knock Off|[of] p2a: No no square
|
|upkeep
|turn|31
|
|t:|1654383625
|switch|p1a: Gliscor|Gliscor, M|72\/100
|move|p2a: No no square|Spikes|p1a: Gliscor
|-sidestart|p1: swagggod|Spikes
|
|upkeep
|turn|32
|
|t:|1654383629
|move|p1a: Gliscor|Defog|p2a: No no square
|-unboost|p2a: No no square|evasion|1
|-sideend|p1: swagggod|Spikes|[from] move: Defog|[of] p1a: Gliscor
|move|p2a: No no square|Leech Seed|p1a: Gliscor
|-start|p1a: Gliscor|move: Leech Seed
|
|-damage|p1a: Gliscor|60\/100|[from] Leech Seed|[of] p2a: No no square
|-heal|p2a: No no square|97\/100|[silent]
|upkeep
|turn|33
|
|t:|1654383636
|switch|p1a: Gallade|Gallade, M|88\/100
|move|p2a: No no square|Power Whip|p1a: Gallade
|-damage|p1a: Gallade|15\/100
|
|upkeep
|turn|34
|
|t:|1654383654
|switch|p2a: SlowBruh|Slowbro, F|100\/100
|detailschange|p1a: Gallade|Gallade-Mega, M
|-mega|p1a: Gallade|Gallade|Galladite
|-start|p1a: Gallade|typechange|Psychic\/Fighting|[silent]
|raw|<ul class="utilichart"><li class="result"><span class="col pokemonnamecol" style="white-space: nowrap">Gallade-Mega<\/span> <span class="col typecol"><img src="https:\/\/dragonheaven.herokuapp.com\/sprites\/types\/Psychic.png" alt="Psychic" height="14" width="32"><img src="https:\/\/dragonheaven.herokuapp.com\/sprites\/types\/Fighting.png" alt="Fighting" height="14" width="32"><\/span> <span style="float: left ; min-height: 26px"><span class="col abilitycol">Overclock<\/span><span class="col abilitycol"><\/span><\/span><span style="float: left ; min-height: 26px"><span class="col statcol"><em>HP<\/em><br>68<\/span> <span class="col statcol"><em>Atk<\/em><br>165<\/span> <span class="col statcol"><em>Def<\/em><br>95<\/span> <span class="col statcol"><em>SpA<\/em><br>65<\/span> <span class="col statcol"><em>SpD<\/em><br>115<\/span> <span class="col statcol"><em>Spe<\/em><br>110<\/span> <\/span><\/li><li style="clear: both"><\/li><\/ul>
|move|p1a: Gallade|Close Combat|p2a: SlowBruh
|-resisted|p2a: SlowBruh
|-damage|p2a: SlowBruh|70\/100
|-unboost|p1a: Gallade|def|1
|-unboost|p1a: Gallade|spd|1
|
|upkeep
|turn|35
|
|t:|1654383668
|switch|p1a: Phione|Phione|39\/100
|move|p2a: SlowBruh|Scald|p1a: Phione
|-immune|p1a: Phione|[from] ability: Hydration
|
|upkeep
|turn|36
|
|t:|1654383679
|move|p1a: Phione|Life Dew|p1a: Phione
|-heal|p1a: Phione|89\/100
|move|p2a: SlowBruh|Psychic|p1a: Phione
|-crit|p1a: Phione
|-damage|p1a: Phione|59\/100
|
|upkeep
|turn|37
|
|t:|1654383685
|switch|p2a: No no square|Ferrothorn, F|97\/100
|move|p1a: Phione|Knock Off|p2a: No no square
|-damage|p2a: No no square|88\/100
|-damage|p1a: Phione|47\/100|[from] ability: Iron Barbs|[of] p2a: No no square
|
|upkeep
|turn|38
|
|t:|1654383693
|move|p1a: Phione|Life Dew|p1a: Phione
|-heal|p1a: Phione|97\/100
|move|p2a: No no square|Knock Off|p1a: Phione
|-damage|p1a: Phione|87\/100
|
|upkeep
|turn|39
|
|t:|1654383705
|switch|p1a: Tangela|Tangela, M|100\/100
|move|p2a: No no square|Spikes|p1a: Tangela
|-sidestart|p1: swagggod|Spikes
|
|upkeep
|turn|40
|
|t:|1654383710
|switch|p1a: Gliscor|Gliscor, M|60\/100
|move|p2a: No no square|Spikes|p1a: Gliscor
|-sidestart|p1: swagggod|Spikes
|
|upkeep
|turn|41
|
|t:|1654383713
|move|p1a: Gliscor|Defog|p2a: No no square
|-unboost|p2a: No no square|evasion|1
|-sideend|p1: swagggod|Spikes|[from] move: Defog|[of] p1a: Gliscor
|move|p2a: No no square|Power Whip|p1a: Gliscor
|-damage|p1a: Gliscor|27\/100
|
|upkeep
|turn|42
|
|t:|1654383716
|move|p1a: Gliscor|Roost|p1a: Gliscor
|-heal|p1a: Gliscor|77\/100
|-singleturn|p1a: Gliscor|move: Roost
|move|p2a: No no square|Power Whip|p1a: Gliscor
|-supereffective|p1a: Gliscor
|-damage|p1a: Gliscor|11\/100
|
|upkeep
|turn|43
|
|t:|1654383723
|switch|p1a: Heatran|Heatran, F|100\/100
|move|p2a: No no square|Knock Off|p1a: Heatran
|-damage|p1a: Heatran|82\/100
|-enditem|p1a: Heatran|Leftovers|[from] move: Knock Off|[of] p2a: No no square
|
|upkeep
|turn|44
|j|+Beaf Cultist
|
|t:|1654383732
|switch|p2a: Sting|Gliscor, M|100\/100 tox
|move|p1a: Heatran|Magma Storm|p2a: Sting
|-damage|p2a: Sting|55\/100 tox
|-activate|p2a: Sting|move: Magma Storm|[of] p1a: Heatran
|
|-heal|p2a: Sting|68\/100 tox|[from] ability: Poison Heal
|-damage|p2a: Sting|55\/100 tox|[from] move: Magma Storm|[partiallytrapped]
|upkeep
|turn|45
|
|t:|1654383742
|switch|p1a: Scizor|Scizor, M|100\/100
|move|p2a: Sting|Earthquake|p1a: Scizor
|-damage|p1a: Scizor|67\/100
|
|-heal|p2a: Sting|68\/100 tox|[from] ability: Poison Heal
|-end|p2a: Sting|Magma Storm|[partiallytrapped]|[silent]
|upkeep
|turn|46
|
|t:|1654383759
|move|p2a: Sting|Roost|p2a: Sting
|-heal|p2a: Sting|100\/100 tox
|-singleturn|p2a: Sting|move: Roost
|move|p1a: Scizor|Roost|p1a: Scizor
|-heal|p1a: Scizor|100\/100
|-singleturn|p1a: Scizor|move: Roost
|
|upkeep
|turn|47
|
|t:|1654383764
|move|p2a: Sting|Swords Dance|p2a: Sting
|-boost|p2a: Sting|atk|2
|move|p1a: Scizor|U-turn|p2a: Sting
|-resisted|p2a: Sting
|-damage|p2a: Sting|89\/100 tox
|
|t:|1654383767
|switch|p1a: Gallade|Gallade-Mega, M|15\/100|[from]move: U-turn
|-start|p1a: Gallade|typechange|Psychic\/Fighting|[silent]
|
|-heal|p2a: Sting|100\/100 tox|[from] ability: Poison Heal
|upkeep
|turn|48
|
|t:|1654383774
|switch|p1a: Tangela|Tangela, M|100\/100
|switch|p2a: SlowBruh|Slowbro, F|100\/100
|
|upkeep
|turn|49
|
|t:|1654383787
|switch|p1a: Gliscor|Gliscor, M|11\/100
|switch|p2a: No no square|Ferrothorn, F|88\/100
|
|upkeep
|turn|50
|
|t:|1654383793
|switch|p1a: Scizor|Scizor, M|100\/100
|move|p2a: No no square|Power Whip|p1a: Scizor
|-resisted|p1a: Scizor
|-damage|p1a: Scizor|91\/100
|
|upkeep
|turn|51
|
|t:|1654383802
|move|p1a: Scizor|U-turn|p2a: No no square
|-damage|p2a: No no square|65\/100
|-damage|p1a: Scizor|79\/100|[from] ability: Iron Barbs|[of] p2a: No no square
|-heal|p1a: Scizor|91\/100|[from] item: Shell Bell|[of] p2a: No no square
|
|t:|1654383811
|switch|p1a: Heatran|Heatran, F|82\/100|[from]move: U-turn
|move|p2a: No no square|Leech Seed|p1a: Heatran
|-start|p1a: Heatran|move: Leech Seed
|
|-damage|p1a: Heatran|69\/100|[from] Leech Seed|[of] p2a: No no square
|-heal|p2a: No no square|79\/100|[silent]
|upkeep
|turn|52
|
|t:|1654383818
|switch|p1a: Gallade|Gallade-Mega, M|15\/100
|-start|p1a: Gallade|typechange|Psychic\/Fighting|[silent]
|switch|p2a: Sting|Gliscor, M|100\/100 tox
|
|upkeep
|turn|53
|
|t:|1654383823
|switch|p2a: SlowBruh|Slowbro, F|100\/100
|move|p1a: Gallade|Triple Axel|p2a: SlowBruh
|-resisted|p2a: SlowBruh
|-damage|p2a: SlowBruh|98\/100
|-resisted|p2a: SlowBruh
|-damage|p2a: SlowBruh|94\/100
|-resisted|p2a: SlowBruh
|-crit|p2a: SlowBruh
|-damage|p2a: SlowBruh|82\/100
|-hitcount|p2a: SlowBruh|3
|
|upkeep
|turn|54
|
|t:|1654383832
|switch|p1a: Tangela|Tangela, M|100\/100
|move|p2a: SlowBruh|Psychic|p1a: Tangela
|-damage|p1a: Tangela|38\/100
|
|upkeep
|turn|55
|
|t:|1654383840
|switch|p1a: Scizor|Scizor, M|91\/100
|move|p2a: SlowBruh|Psychic|p1a: Scizor
|-resisted|p1a: Scizor
|-damage|p1a: Scizor|79\/100
|-unboost|p1a: Scizor|spd|1
|
|upkeep
|turn|56
|
|t:|1654383848
|switch|p2a: Sting|Gliscor, M|100\/100 tox
|move|p1a: Scizor|U-turn|p2a: Sting
|-resisted|p2a: Sting
|-crit|p2a: Sting
|-damage|p2a: Sting|84\/100 tox
|-heal|p1a: Scizor|91\/100|[from] item: Shell Bell|[of] p2a: Sting
|
|t:|1654383864
|switch|p1a: Gallade|Gallade-Mega, M|15\/100|[from]move: U-turn
|-start|p1a: Gallade|typechange|Psychic\/Fighting|[silent]
|
|-heal|p2a: Sting|96\/100 tox|[from] ability: Poison Heal
|upkeep
|turn|57
|
|t:|1654383877
|switch|p2a: SlowBruh|Slowbro, F|100\/100
|move|p1a: Gallade|Swords Dance|p1a: Gallade
|-boost|p1a: Gallade|atk|2
|
|upkeep
|turn|58
|
|t:|1654383885
|switch|p1a: Scizor|Scizor, M|91\/100
|move|p2a: SlowBruh|Psychic|p1a: Scizor
|-resisted|p1a: Scizor
|-damage|p1a: Scizor|79\/100
|
|upkeep
|turn|59
|
|t:|1654383891
|move|p1a: Scizor|Toxic|p2a: SlowBruh
|-status|p2a: SlowBruh|tox
|move|p2a: SlowBruh|Slack Off||[still]
|-fail|p2a: SlowBruh|heal
|
|-damage|p2a: SlowBruh|94\/100 tox|[from] psn
|upkeep
|turn|60
|
|t:|1654383901
|switch|p2a: Sting|Gliscor, M|96\/100 tox
|move|p1a: Scizor|U-turn|p2a: Sting
|-resisted|p2a: Sting
|-damage|p2a: Sting|85\/100 tox
|-heal|p1a: Scizor|91\/100|[from] item: Shell Bell|[of] p2a: Sting
|
|t:|1654383905
|switch|p1a: Gallade|Gallade-Mega, M|15\/100|[from]move: U-turn
|-start|p1a: Gallade|typechange|Psychic\/Fighting|[silent]
|
|-heal|p2a: Sting|97\/100 tox|[from] ability: Poison Heal
|upkeep
|turn|61
|
|t:|1654383917
|switch|p1a: Scizor|Scizor, M|91\/100
|switch|p2a: SlowBruh|Slowbro, F|100\/100 tox
|
|-damage|p2a: SlowBruh|94\/100 tox|[from] psn
|upkeep
|turn|62
|
|t:|1654383927
|move|p1a: Scizor|U-turn|p2a: SlowBruh
|-supereffective|p2a: SlowBruh
|-damage|p2a: SlowBruh|59\/100 tox
|-heal|p1a: Scizor|100\/100|[from] item: Shell Bell|[of] p2a: SlowBruh
|
|t:|1654383930
|switch|p1a: Phione|Phione|87\/100|[from]move: U-turn
|move|p2a: SlowBruh|Scald|p1a: Phione
|-immune|p1a: Phione|[from] ability: Hydration
|
|-damage|p2a: SlowBruh|47\/100 tox|[from] psn
|upkeep
|turn|63
|
|t:|1654383940
|switch|p2a: No no square|Ferrothorn, F|79\/100
|move|p1a: Phione|Flip Turn|p2a: No no square
|-resisted|p2a: No no square
|-damage|p2a: No no square|72\/100
|-damage|p1a: Phione|74\/100|[from] ability: Iron Barbs|[of] p2a: No no square
|
|t:|1654383944
|switch|p1a: Gallade|Gallade-Mega, M|15\/100|[from]move: Flip Turn
|-start|p1a: Gallade|typechange|Psychic\/Fighting|[silent]
|
|upkeep
|turn|64
|l|+analysis geek
|
|t:|1654383959
|switch|p2a: Pride month!!!|Alcremie-Rainbow-Swirl, F|100\/100
|-ability|p2a: Pride month!!!|Power of Alchemy
|-start|p2a: Pride month!!!|typechange|Fairy|[silent]
|raw|<ul class="utilichart"><li class="result"><span class="col pokemonnamecol" style="white-space: nowrap">Alcremie-Rainbow-Swirl<\/span> <span class="col typecol"><img src="https:\/\/dragonheaven.herokuapp.com\/sprites\/types\/Fairy.png" alt="Fairy" height="14" width="32"><\/span> <span style="float: left ; min-height: 26px"><span class="col abilitycol">Sweet Veil \/ Sticky Hold \/ Power of Alchemy (Alcremie)<\/span><span class="col abilitycol"><\/span><\/span><\/li><li style="clear: both"><\/li><\/ul>
|raw|<ul class="utilichart"><li class="result"><span style="float: left ; min-height: 26px"><span class="col statcol"><em>HP<\/em><br>65<\/span> <span class="col statcol"><em>Atk<\/em><br>60<\/span> <span class="col statcol"><em>Def<\/em><br>75<\/span> <span class="col statcol"><em>SpA<\/em><br>110<\/span> <span class="col statcol"><em>SpD<\/em><br>121<\/span> <span class="col statcol"><em>Spe<\/em><br>64<\/span> <\/span><\/li><li style="clear: both"><\/li><\/ul>
|move|p1a: Gallade|Close Combat|p2a: Pride month!!!
|-resisted|p2a: Pride month!!!
|-damage|p2a: Pride month!!!|57\/100
|-unboost|p1a: Gallade|def|1
|-unboost|p1a: Gallade|spd|1
|
|-heal|p2a: Pride month!!!|70\/100|[from] ability: Power of Alchemy (Alcremie)
|upkeep
|turn|65
|
|t:|1654383966
|switch|p1a: Scizor|Scizor, M|100\/100
|move|p2a: Pride month!!!|Mystical Fire|p1a: Scizor
|-supereffective|p1a: Scizor
|-damage|p1a: Scizor|39\/100
|-unboost|p1a: Scizor|spa|1
|
|-heal|p2a: Pride month!!!|82\/100|[from] ability: Power of Alchemy (Alcremie)
|upkeep
|turn|66
|
|t:|1654383974
|switch|p2a: Sting|Gliscor, M|97\/100 tox
|move|p1a: Scizor|Roost|p1a: Scizor
|-heal|p1a: Scizor|89\/100
|-singleturn|p1a: Scizor|move: Roost
|
|-heal|p2a: Sting|100\/100 tox|[from] ability: Poison Heal
|upkeep
|turn|67
|
|t:|1654383978
|move|p2a: Sting|Earthquake|p1a: Scizor
|-crit|p1a: Scizor
|-damage|p1a: Scizor|39\/100
|move|p1a: Scizor|U-turn|p2a: Sting
|-resisted|p2a: Sting
|-damage|p2a: Sting|89\/100 tox
|-heal|p1a: Scizor|51\/100|[from] item: Shell Bell|[of] p2a: Sting
|
|t:|1654383982
|switch|p1a: Gallade|Gallade-Mega, M|15\/100|[from]move: U-turn
|-start|p1a: Gallade|typechange|Psychic\/Fighting|[silent]
|
|-heal|p2a: Sting|100\/100 tox|[from] ability: Poison Heal
|upkeep
|turn|68
|
|t:|1654383992
|switch|p2a: SlowBruh|Slowbro, F|80\/100 tox
|move|p1a: Gallade|Close Combat|p2a: SlowBruh
|-resisted|p2a: SlowBruh
|-damage|p2a: SlowBruh|54\/100 tox
|-unboost|p1a: Gallade|def|1
|-unboost|p1a: Gallade|spd|1
|
|-damage|p2a: SlowBruh|48\/100 tox|[from] psn
|upkeep
|turn|69
|
|t:|1654384003
|switch|p1a: Scizor|Scizor, M|51\/100
|move|p2a: SlowBruh|Slack Off|p2a: SlowBruh
|-heal|p2a: SlowBruh|98\/100 tox
|
|-damage|p2a: SlowBruh|85\/100 tox|[from] psn
|upkeep
|turn|70
|
|t:|1654384008
|switch|p2a: Sting|Gliscor, M|100\/100 tox
|move|p1a: Scizor|Roost|p1a: Scizor
|-heal|p1a: Scizor|100\/100
|-singleturn|p1a: Scizor|move: Roost
|
|upkeep
|turn|71
|
|t:|1654384016
|switch|p2a: Pride month!!!|Alcremie-Rainbow-Swirl, F|82\/100
|-ability|p2a: Pride month!!!|Power of Alchemy
|-start|p2a: Pride month!!!|typechange|Fairy|[silent]
|move|p1a: Scizor|U-turn|p2a: Pride month!!!
|-resisted|p2a: Pride month!!!
|-damage|p2a: Pride month!!!|69\/100
|
|t:|1654384021
|switch|p1a: Heatran|Heatran, F|69\/100|[from]move: U-turn
|
|-heal|p2a: Pride month!!!|82\/100|[from] ability: Power of Alchemy (Alcremie)
|upkeep
|turn|72
|
|t:|1654384026
|switch|p2a: Sting|Gliscor, M|100\/100 tox
|move|p1a: Heatran|Stealth Rock|p2a: Sting
|-sidestart|p2: EeveeGirl_Star13|move: Stealth Rock
|
|upkeep
|turn|73
|c|+ZCopen|based alcremie
|j|+moretto
|
|t:|1654384041
|switch|p1a: Gliscor|Gliscor, M|11\/100
|move|p2a: Sting|Earthquake|p1a: Gliscor
|-immune|p1a: Gliscor
|
|upkeep
|turn|74
|
|t:|1654384044
|move|p1a: Gliscor|Roost|p1a: Gliscor
|-heal|p1a: Gliscor|61\/100
|-singleturn|p1a: Gliscor|move: Roost
|move|p2a: Sting|Facade|p1a: Gliscor
|-damage|p1a: Gliscor|35\/100
|
|upkeep
|turn|75
|
|t:|1654384050
|move|p1a: Gliscor|Roost|p1a: Gliscor
|-heal|p1a: Gliscor|85\/100
|-singleturn|p1a: Gliscor|move: Roost
|move|p2a: Sting|Swords Dance|p2a: Sting
|-boost|p2a: Sting|atk|2
|
|upkeep
|turn|76
|
|t:|1654384055
|switch|p1a: Tangela|Tangela, M|71\/100
|move|p2a: Sting|Facade|p1a: Tangela
|-damage|p1a: Tangela|31\/100
|
|upkeep
|turn|77
|
|t:|1654384066
|switch|p1a: Phione|Phione|74\/100
|move|p2a: Sting|Facade|p1a: Phione
|-damage|p1a: Phione|27\/100
|
|upkeep
|turn|78
|
|t:|1654384070
|switch|p1a: Scizor|Scizor, M|100\/100
|move|p2a: Sting|Facade|p1a: Scizor
|-resisted|p1a: Scizor
|-damage|p1a: Scizor|71\/100
|
|upkeep
|turn|79
|
|t:|1654384077
|move|p2a: Sting|Earthquake|p1a: Scizor
|-damage|p1a: Scizor|11\/100
|move|p1a: Scizor|U-turn|p2a: Sting
|-resisted|p2a: Sting
|-damage|p2a: Sting|89\/100 tox
|-heal|p1a: Scizor|23\/100|[from] item: Shell Bell|[of] p2a: Sting
|
|t:|1654384082
|switch|p1a: Gallade|Gallade-Mega, M|15\/100|[from]move: U-turn
|-start|p1a: Gallade|typechange|Psychic\/Fighting|[silent]
|
|-heal|p2a: Sting|100\/100 tox|[from] ability: Poison Heal
|upkeep
|turn|80
|
|t:|1654384086
|switch|p2a: SlowBruh|Slowbro, F|100\/100 tox
|-damage|p2a: SlowBruh|88\/100 tox|[from] Stealth Rock
|move|p1a: Gallade|Triple Axel|p2a: SlowBruh
|-resisted|p2a: SlowBruh
|-damage|p2a: SlowBruh|85\/100 tox
|-resisted|p2a: SlowBruh
|-damage|p2a: SlowBruh|80\/100 tox
|-resisted|p2a: SlowBruh
|-damage|p2a: SlowBruh|73\/100 tox
|-hitcount|p2a: SlowBruh|3
|
|-damage|p2a: SlowBruh|66\/100 tox|[from] psn
|upkeep
|turn|81
|
|t:|1654384091
|switch|p1a: Scizor|Scizor, M|23\/100
|move|p2a: SlowBruh|Scald|p1a: Scizor
|-damage|p1a: Scizor|1\/100
|
|-damage|p2a: SlowBruh|54\/100 tox|[from] psn
|upkeep
|turn|82
|
|t:|1654384102
|switch|p2a: Sting|Gliscor, M|100\/100 tox
|-damage|p2a: Sting|88\/100 tox|[from] Stealth Rock
|move|p1a: Scizor|Roost|p1a: Scizor
|-heal|p1a: Scizor|52\/100
|-singleturn|p1a: Scizor|move: Roost
|
|-heal|p2a: Sting|100\/100 tox|[from] ability: Poison Heal
|upkeep
|turn|83
|
|t:|1654384106
|move|p2a: Sting|Swords Dance|p2a: Sting
|-boost|p2a: Sting|atk|2
|move|p1a: Scizor|Roost|p1a: Scizor
|-heal|p1a: Scizor|100\/100
|-singleturn|p1a: Scizor|move: Roost
|
|upkeep
|turn|84
|
|t:|1654384110
|move|p2a: Sting|Earthquake|p1a: Scizor
|-damage|p1a: Scizor|34\/100
|move|p1a: Scizor|U-turn|p2a: Sting
|-resisted|p2a: Sting
|-damage|p2a: Sting|89\/100 tox
|-heal|p1a: Scizor|46\/100|[from] item: Shell Bell|[of] p2a: Sting
|
|t:|1654384113
|switch|p1a: Gallade|Gallade-Mega, M|15\/100|[from]move: U-turn
|-start|p1a: Gallade|typechange|Psychic\/Fighting|[silent]
|
|-heal|p2a: Sting|100\/100 tox|[from] ability: Poison Heal
|upkeep
|turn|85
|j|+Bobsican
|
|t:|1654384127
|switch|p2a: SlowBruh|Slowbro, F|88\/100 tox
|-damage|p2a: SlowBruh|75\/100 tox|[from] Stealth Rock
|move|p1a: Gallade|Swords Dance|p1a: Gallade
|-boost|p1a: Gallade|atk|2
|
|-damage|p2a: SlowBruh|69\/100 tox|[from] psn
|upkeep
|turn|86
|
|t:|1654384146
|switch|p1a: Scizor|Scizor, M|46\/100
|move|p2a: SlowBruh|Scald|p1a: Scizor
|-damage|p1a: Scizor|25\/100
|
|-damage|p2a: SlowBruh|57\/100 tox|[from] psn
|upkeep
|turn|87
|
|t:|1654384152
|switch|p2a: Sting|Gliscor, M|100\/100 tox
|-damage|p2a: Sting|88\/100 tox|[from] Stealth Rock
|move|p1a: Scizor|Roost|p1a: Scizor
|-heal|p1a: Scizor|75\/100
|-singleturn|p1a: Scizor|move: Roost
|
|-heal|p2a: Sting|100\/100 tox|[from] ability: Poison Heal
|upkeep
|turn|88
|
|t:|1654384166
|move|p2a: Sting|Earthquake|p1a: Scizor
|-damage|p1a: Scizor|42\/100
|move|p1a: Scizor|U-turn|p2a: Sting
|-resisted|p2a: Sting
|-damage|p2a: Sting|89\/100 tox
|-heal|p1a: Scizor|54\/100|[from] item: Shell Bell|[of] p2a: Sting
|
|t:|1654384171
|switch|p1a: Gallade|Gallade-Mega, M|15\/100|[from]move: U-turn
|-start|p1a: Gallade|typechange|Psychic\/Fighting|[silent]
|
|-heal|p2a: Sting|100\/100 tox|[from] ability: Poison Heal
|upkeep
|turn|89
|
|t:|1654384182
|switch|p2a: Pride month!!!|Alcremie-Rainbow-Swirl, F|82\/100
|-ability|p2a: Pride month!!!|Power of Alchemy
|-start|p2a: Pride month!!!|typechange|Fairy|[silent]
|-damage|p2a: Pride month!!!|69\/100|[from] Stealth Rock
|move|p1a: Gallade|Triple Axel|p2a: Pride month!!!
|-damage|p2a: Pride month!!!|62\/100
|-damage|p2a: Pride month!!!|47\/100
|-damage|p2a: Pride month!!!|25\/100
|-hitcount|p2a: Pride month!!!|3
|
|-heal|p2a: Pride month!!!|38\/100|[from] ability: Power of Alchemy (Alcremie)
|upkeep
|turn|90
|
|t:|1654384213
|move|p1a: Gallade|Zen Headbutt|p2a: Pride month!!!
|-damage|p2a: Pride month!!!|0 fnt
|faint|p2a: Pride month!!!
|
|upkeep
|
|t:|1654384216
|switch|p2a: gun|Dragapult, M|100\/100
|-damage|p2a: gun|88\/100|[from] Stealth Rock
|turn|91
|
|t:|1654384225
|switch|p1a: Tangela|Tangela, M|65\/100
|move|p2a: gun|Shadow Ball|p1a: Tangela
|-damage|p1a: Tangela|0 fnt
|faint|p1a: Tangela
|
|upkeep
|
|t:|1654384233
|switch|p1a: Heatran|Heatran, F|69\/100
|turn|92
|
|t:|1654384249
|move|p2a: gun|Shadow Ball|p1a: Heatran
|-damage|p1a: Heatran|24\/100
|move|p1a: Heatran|Toxic|p2a: gun
|-status|p2a: gun|tox
|
|-damage|p2a: gun|82\/100 tox|[from] psn
|upkeep
|turn|93
|
|t:|1654384260
|switch|p1a: Phione|Phione|27\/100
|move|p2a: gun|Shadow Ball|p1a: Phione
|-damage|p1a: Phione|0 fnt
|faint|p1a: Phione
|
|-damage|p2a: gun|70\/100 tox|[from] psn
|upkeep
|
|t:|1654384278
|switch|p1a: Gliscor|Gliscor, M|85\/100
|turn|94
|
|t:|1654384284
|move|p2a: gun|Shadow Ball|p1a: Gliscor
|-damage|p1a: Gliscor|21\/100
|-unboost|p1a: Gliscor|spd|1
|move|p1a: Gliscor|Roost|p1a: Gliscor
|-heal|p1a: Gliscor|71\/100
|-singleturn|p1a: Gliscor|move: Roost
|
|-damage|p2a: gun|52\/100 tox|[from] psn
|upkeep
|turn|95
|c|☆EeveeGirl_Star13|sry
|c|+Bobsican|:eyes:
|
|t:|1654384300
|move|p2a: gun|Shadow Ball|p1a: Gliscor
|-damage|p1a: Gliscor|0 fnt
|faint|p1a: Gliscor
|
|-damage|p2a: gun|28\/100 tox|[from] psn
|upkeep
|
|t:|1654384304
|switch|p1a: Scizor|Scizor, M|54\/100
|turn|96
|
|t:|1654384324
|move|p2a: gun|Shadow Ball|p1a: Scizor
|-damage|p1a: Scizor|9\/100
|move|p1a: Scizor|Roost|p1a: Scizor
|-heal|p1a: Scizor|59\/100
|-singleturn|p1a: Scizor|move: Roost
|
|-damage|p2a: gun|0 fnt|[from] psn
|faint|p2a: gun
|upkeep
|
|t:|1654384329
|switch|p2a: Sting|Gliscor, M|100\/100 tox
|-damage|p2a: Sting|88\/100 tox|[from] Stealth Rock
|turn|97
|
|t:|1654384335
|move|p2a: Sting|Swords Dance|p2a: Sting
|-boost|p2a: Sting|atk|2
|move|p1a: Scizor|Roost|p1a: Scizor
|-heal|p1a: Scizor|100\/100
|-singleturn|p1a: Scizor|move: Roost
|
|-heal|p2a: Sting|100\/100 tox|[from] ability: Poison Heal
|upkeep
|turn|98
|
|t:|1654384338
|move|p2a: Sting|Earthquake|p1a: Scizor
|-damage|p1a: Scizor|38\/100
|move|p1a: Scizor|U-turn|p2a: Sting
|-resisted|p2a: Sting
|-damage|p2a: Sting|89\/100 tox
|-heal|p1a: Scizor|50\/100|[from] item: Shell Bell|[of] p2a: Sting
|
|t:|1654384342
|switch|p1a: Gallade|Gallade-Mega, M|15\/100|[from]move: U-turn
|-start|p1a: Gallade|typechange|Psychic\/Fighting|[silent]
|
|-heal|p2a: Sting|100\/100 tox|[from] ability: Poison Heal
|upkeep
|turn|99
|
|t:|1654384353
|switch|p2a: No no square|Ferrothorn, F|72\/100
|-damage|p2a: No no square|66\/100|[from] Stealth Rock
|move|p1a: Gallade|Close Combat|p2a: No no square
|-supereffective|p2a: No no square
|-damage|p2a: No no square|0 fnt
|-unboost|p1a: Gallade|def|1
|-unboost|p1a: Gallade|spd|1
|-damage|p1a: Gallade|2\/100|[from] ability: Iron Barbs|[of] p2a: No no square
|faint|p2a: No no square
|
|upkeep
|
|t:|1654384355
|switch|p2a: Shattered|Weavile, F|85\/100
|-damage|p2a: Shattered|60\/100|[from] Stealth Rock
|-start|p2a: Shattered|typechange|Dark\/Ice|[silent]
|turn|100
|
|t:|1654384363
|switch|p1a: Heatran|Heatran, F|24\/100
|move|p2a: Shattered|Ice Shard|p1a: Heatran
|-resisted|p1a: Heatran
|-damage|p1a: Heatran|20\/100
|
|upkeep
|turn|101
|
|t:|1654384377
|move|p2a: Shattered|Knock Off|p1a: Heatran
|-damage|p1a: Heatran|0 fnt
|faint|p1a: Heatran
|-activate|p2a: Shattered|ability: Scavenge
|-heal|p2a: Shattered|93\/100
|
|upkeep
|
|t:|1654384381
|switch|p1a: Scizor|Scizor, M|50\/100
|turn|102
|
|t:|1654384393
|switch|p2a: Sting|Gliscor, M|100\/100 tox
|-damage|p2a: Sting|88\/100 tox|[from] Stealth Rock
|move|p1a: Scizor|Roost|p1a: Scizor
|-heal|p1a: Scizor|99\/100
|-singleturn|p1a: Scizor|move: Roost
|
|-heal|p2a: Sting|100\/100 tox|[from] ability: Poison Heal
|upkeep
|turn|103
|
|t:|1654384397
|move|p2a: Sting|Swords Dance|p2a: Sting
|-boost|p2a: Sting|atk|2
|move|p1a: Scizor|U-turn|p2a: Sting
|-resisted|p2a: Sting
|-damage|p2a: Sting|89\/100 tox
|-heal|p1a: Scizor|100\/100|[from] item: Shell Bell|[of] p2a: Sting
|
|t:|1654384399
|switch|p1a: Gallade|Gallade-Mega, M|2\/100|[from]move: U-turn
|-start|p1a: Gallade|typechange|Psychic\/Fighting|[silent]
|
|-heal|p2a: Sting|100\/100 tox|[from] ability: Poison Heal
|upkeep
|turn|104
|
|t:|1654384405
|switch|p2a: SlowBruh|Slowbro, F|90\/100 tox
|-damage|p2a: SlowBruh|78\/100 tox|[from] Stealth Rock
|move|p1a: Gallade|Triple Axel|p2a: SlowBruh
|-resisted|p2a: SlowBruh
|-damage|p2a: SlowBruh|75\/100 tox
|-resisted|p2a: SlowBruh
|-damage|p2a: SlowBruh|70\/100 tox
|-resisted|p2a: SlowBruh
|-crit|p2a: SlowBruh
|-damage|p2a: SlowBruh|59\/100 tox
|-hitcount|p2a: SlowBruh|3
|
|-damage|p2a: SlowBruh|52\/100 tox|[from] psn
|upkeep
|turn|105
|
|t:|1654384410
|switch|p1a: Scizor|Scizor, M|100\/100
|detailschange|p2a: SlowBruh|Slowbro-Mega, F
|-mega|p2a: SlowBruh|Slowbro|Slowbronite
|-start|p2a: SlowBruh|typechange|Water\/Psychic|[silent]
|raw|<ul class="utilichart"><li class="result"><span class="col pokemonnamecol" style="white-space: nowrap">Slowbro-Mega<\/span> <span class="col typecol"><img src="https:\/\/dragonheaven.herokuapp.com\/sprites\/types\/Water.png" alt="Water" height="14" width="32"><img src="https:\/\/dragonheaven.herokuapp.com\/sprites\/types\/Psychic.png" alt="Psychic" height="14" width="32"><\/span> <span style="float: left ; min-height: 26px"><span class="col abilitycol">Prickly Coat<\/span><span class="col abilitycol"><\/span><\/span><span style="float: left ; min-height: 26px"><span class="col statcol"><em>HP<\/em><br>95<\/span> <span class="col statcol"><em>Atk<\/em><br>75<\/span> <span class="col statcol"><em>Def<\/em><br>180<\/span> <span class="col statcol"><em>SpA<\/em><br>130<\/span> <span class="col statcol"><em>SpD<\/em><br>80<\/span> <span class="col statcol"><em>Spe<\/em><br>30<\/span> <\/span><\/li><li style="clear: both"><\/li><\/ul>
|move|p2a: SlowBruh|Scald|p1a: Scizor
|-damage|p1a: Scizor|71\/100
|-status|p1a: Scizor|brn
|
|-damage|p1a: Scizor|65\/100 brn|[from] brn
|-damage|p2a: SlowBruh|40\/100 tox|[from] psn
|upkeep
|turn|106
|
|t:|1654384419
|move|p1a: Scizor|Roost|p1a: Scizor
|-heal|p1a: Scizor|100\/100 brn
|-singleturn|p1a: Scizor|move: Roost
|move|p2a: SlowBruh|Slack Off|p2a: SlowBruh
|-heal|p2a: SlowBruh|90\/100 tox
|
|-damage|p1a: Scizor|94\/100 brn|[from] brn
|-damage|p2a: SlowBruh|72\/100 tox|[from] psn
|upkeep
|turn|107
|
|t:|1654384425
|move|p1a: Scizor|Bullet Punch|p2a: SlowBruh
|-resisted|p2a: SlowBruh
|-damage|p2a: SlowBruh|69\/100 tox
|-ability|p2a: SlowBruh|Prickly Coat
|-sidestart|p1: swagggod|Spikes
|-heal|p1a: Scizor|100\/100 brn|[from] item: Shell Bell|[of] p2a: SlowBruh
|move|p2a: SlowBruh|Scald|p1a: Scizor
|-crit|p1a: Scizor
|-damage|p1a: Scizor|61\/100 brn
|
|-damage|p1a: Scizor|55\/100 brn|[from] brn
|-damage|p2a: SlowBruh|45\/100 tox|[from] psn
|upkeep
|turn|108
|c|☆swagggod|wait
|c|☆EeveeGirl_Star13|hm?
|c|☆swagggod|why is that a thing lol
|
|t:|1654384451
|move|p1a: Scizor|Roost|p1a: Scizor
|-heal|p1a: Scizor|100\/100 brn
|-singleturn|p1a: Scizor|move: Roost
|move|p2a: SlowBruh|Scald|p1a: Scizor
|-damage|p1a: Scizor|72\/100 brn
|
|-damage|p1a: Scizor|66\/100 brn|[from] brn
|-damage|p2a: SlowBruh|14\/100 tox|[from] psn
|upkeep
|turn|109
|c|☆EeveeGirl_Star13|idk lol
|j|+Gekokeso
|c|☆EeveeGirl_Star13|but it’s cool
|
|t:|1654384473
|move|p1a: Scizor|U-turn|p2a: SlowBruh
|-supereffective|p2a: SlowBruh
|-damage|p2a: SlowBruh|3\/100 tox
|-ability|p2a: SlowBruh|Prickly Coat
|-sidestart|p1: swagggod|Spikes
|-heal|p1a: Scizor|78\/100 brn|[from] item: Shell Bell|[of] p2a: SlowBruh
|c|+Bobsican|Funny on paper thing
|
|t:|1654384476
|switch|p1a: Gallade|Gallade-Mega, M|2\/100|[from]move: U-turn
|-start|p1a: Gallade|typechange|Psychic\/Fighting|[silent]
|-damage|p1a: Gallade|0 fnt|[from] Spikes
|faint|p1a: Gallade
|move|p2a: SlowBruh|Scald|p1: Gallade|[notarget]
|-fail|p2a: SlowBruh
|
|-damage|p2a: SlowBruh|0 fnt|[from] psn
|faint|p2a: SlowBruh
|upkeep
|c|+Gekokeso|Eevee did you not read what prickly coat was before the match?
|
|t:|1654384479
|switch|p1a: Scizor|Scizor, M|78\/100 brn
|switch|p2a: Sting|Gliscor, M|100\/100 tox
|-damage|p2a: Sting|88\/100 tox|[from] Stealth Rock
|-damage|p1a: Scizor|62\/100 brn|[from] Spikes
|turn|110
|c|☆EeveeGirl_Star13|Oh no I know what it does
|l|+moretto
|
|t:|1654384498
|move|p2a: Sting|Swords Dance|p2a: Sting
|-boost|p2a: Sting|atk|2
|move|p1a: Scizor|Roost|p1a: Scizor
|-heal|p1a: Scizor|100\/100 brn
|-singleturn|p1a: Scizor|move: Roost
|
|-heal|p2a: Sting|100\/100 tox|[from] ability: Poison Heal
|-damage|p1a: Scizor|94\/100 brn|[from] brn
|upkeep
|turn|111
|-message|swagggod forfeited.
|
|win|EeveeGirl_Star13
|c|+Beaf Cultist|wait
|l|☆swagggod
|c|☆EeveeGirl_Star13|Spikes, and tspikes if hit by poison move
|l|+ZCopen
|c|☆EeveeGirl_Star13|Ggwp
|c|+Beaf Cultist|just realized the significance of megaing there
|c|+Bobsican|Or if the user is Poison type it also sets TSpikes anyways
|c|☆EeveeGirl_Star13|oh yeah
|c|+Beaf Cultist|5head play
|l|+Beaf Cultist
|c|+Bobsican|But yeah, going mega was a good play here to indirectly nuke M-Gallade
|c|☆EeveeGirl_Star13|lol ty
|c|+Gekokeso|Good job Eevee
|l|+Bobsican
|l|+Gekokeso
|l|☆EeveeGirl_Star13</script>
</div>
<div class="battle-log battle-log-inline"><div class="inner"><div class="battle-options"><div style="padding-top: 3px; padding-right: 3px; text-align: right"><button class="icon button" name="openBattleOptions" title="Options">Battle Options</button></div></div><div class="inner message-log"><div class="chat"><small>☆swagggod and ☆EeveeGirl_Star13 joined</small></div><div class=""><small>Format:</small> <br><strong>[Gen 8] JolteMons</strong></div><div class=""><small><em>HP Percentage Mod:</em> HP is shown in percentages</small></div><div class=""><small><em>Endless Battle Clause:</em> Forcing endless battles is banned</small></div><div class=""><small><em>OHKO Clause:</em> OHKO moves are banned</small></div><div class=""><small><em>Evasion Moves Clause:</em> Evasion moves are banned</small></div><div class=""><small><em>Species Clause:</em> Limit one of each Pokémon</small></div><div class=""><small><em>Dynamax Clause:</em> You cannot dynamax</small></div><div class=""><small><em>Sleep Clause Mod:</em> Limit one foe put to sleep</small></div><div class="chat battle-history"><strong>swagggod's team:</strong> <em style="color:#445566;display:block;">Phione / Tangela / Gallade / Gliscor / Scizor / Heatran</em></div><div class="chat battle-history"><strong>EeveeGirl_Star13's team:</strong> <em style="color:#445566;display:block;">Alcremie-Rainbow-Swirl / Gliscor / Dragapult / Ferrothorn / Weavile / Slowbro</em></div><div class="chat chatmessage-swagggod"><strong style="color:#2e8d9e"><small>☆</small><span class="username" data-name="swagggod">swagggod</span>:</strong> <em>hf</em></div><div class="chat"><small>+ZCopen joined</small></div><div class="chat chatmessage-eeveegirlstar13"><strong style="color:#9d50be"><small>☆</small><span class="username" data-name="EeveeGirl_Star13">EeveeGirl_Star13</span>:</strong> <em>Glhf</em></div><div class="chat"><small>+analysis geek joined</small></div><div class="spacer battle-history"><br></div><div class="battle-history">Battle started between swagggod and EeveeGirl_Star13!<br></div><div class="spacer battle-history"><br></div><div class="battle-history">Go! <strong>Phione</strong>!<br></div><div class="spacer battle-history"><br></div><div class="battle-history">EeveeGirl_Star13 sent out Shattered (<strong>Weavile</strong>)!<br></div><div class="chat"><ul class="utilichart"><li class="result"><span class="col pokemonnamecol" style="white-space: nowrap">Weavile</span> <span class="col typecol"><img src="https://dragonheaven.herokuapp.com/sprites/types/Dark.png" alt="Dark" height="14" width="32"><img src="https://dragonheaven.herokuapp.com/sprites/types/Ice.png" alt="Ice" height="14" width="32"></span> <span style="float: left ; min-height: 26px"><span class="col abilitycol">Pressure / Scavenge / Snow Cloak</span><span class="col abilitycol"></span></span></li><li style="clear: both"></li></ul></div><div class="chat"><ul class="utilichart"><li class="result"><span style="float: left ; min-height: 26px"><span class="col statcol"><em>HP</em><br>70</span> <span class="col statcol"><em>Atk</em><br>120</span> <span class="col statcol"><em>Def</em><br>65</span> <span class="col statcol"><em>SpA</em><br>45</span> <span class="col statcol"><em>SpD</em><br>85</span> <span class="col statcol"><em>Spe</em><br>125</span> </span></li><li style="clear: both"></li></ul></div><div class="spacer battle-history"><br></div><h2 class="battle-history">Turn 1</h2><div class="spacer battle-history"><br></div><div class="battle-history">The opposing Shattered used <strong>Knock Off</strong>!<br></div><div class="battle-history"><small>(Phione lost 27% of its health!)</small><br></div><div class="spacer battle-history"><br></div><div class="battle-history">Phione used <strong>Knock Off</strong>!<br></div><div class="battle-history"><small>It's not very effective...</small><br></div><div class="battle-history"><small>(The opposing Shattered lost 15% of its health!)</small><br></div><div class="battle-history"><small>Phione knocked off the opposing Shattered's Soul Blade!</small><br></div><div class="spacer battle-history"><br></div><h2 class="battle-history">Turn 2</h2><div class="chat"><small>+regic boat and +iamasandwich joined; ☆EeveeGirl_Star13 left</small></div><div class="chat"><small>☆EeveeGirl_Star13 joined</small></div><div class="chat"><small>+iamasandwich left</small></div><div class="chat chatmessage-eeveegirlstar13"><strong style="color:#9d50be"><small>☆</small><span class="username" data-name="EeveeGirl_Star13">EeveeGirl_Star13</span>:</strong> <em>Oh snap sry</em></div><div class="chat chatmessage-swagggod"><strong style="color:#2e8d9e"><small>☆</small><span class="username" data-name="swagggod">swagggod</span>:</strong> <em>wb </em></div><div class="spacer battle-history"><br></div><div class="battle-history">EeveeGirl_Star13 withdrew Shattered!<br></div><div class="battle-history">EeveeGirl_Star13 sent out No no square (<strong>Ferrothorn</strong>)!<br></div><div class="spacer battle-history"><br></div><div class="battle-history">Phione used <strong>Life Dew</strong>!<br></div><div class="battle-history"><small>Phione had its HP restored.</small><br></div><div class="spacer battle-history"><br></div><h2 class="battle-history">Turn 3</h2><div class="spacer battle-history"><br></div><div class="battle-history">Phione, come back!<br></div><div class="battle-history">Go! <strong>Heatran</strong>!<br></div><div class="spacer battle-history"><br></div><div class="battle-history">The opposing No no square used <strong>Leech Seed</strong>!<br></div><div class="battle-history"><small>Heatran was seeded!</small><br></div><div class="spacer battle-history"><br></div><div class="battle-history"><small>Heatran's health is sapped by Leech Seed!</small><br></div><div class="spacer battle-history"><br></div><h2 class="battle-history">Turn 4</h2><div class="spacer battle-history"><br></div><div class="battle-history">EeveeGirl_Star13 withdrew No no square!<br></div><div class="battle-history">EeveeGirl_Star13 sent out Sting (<strong>Gliscor</strong>)!<br></div><div class="spacer battle-history"><br></div><div class="battle-history">Heatran used <strong>Stealth Rock</strong>!<br></div><div class="battle-history"><small>Pointed stones float in the air around the opposing team!</small><br></div><div class="spacer battle-history"><br></div><div class="battle-history"><small>Heatran restored a little HP using its Leftovers!</small><br></div><div class="battle-history"><small>Heatran's health is sapped by Leech Seed!</small><br></div><div class="battle-history"><small>The opposing Sting was badly poisoned!</small><br></div><div class="spacer battle-history"><br></div><h2 class="battle-history">Turn 5</h2><div class="spacer battle-history"><br></div><div class="battle-history">Heatran, come back!<br></div><div class="battle-history">Go! <strong>Phione</strong>!<br></div><div class="spacer battle-history"><br></div><div class="battle-history">The opposing Sting used <strong>Swords Dance</strong>!<br></div><div class="battle-history"><small>The opposing Sting's Attack rose sharply!</small><br></div><div class="spacer battle-history"><br></div><h2 class="battle-history">Turn 6</h2><div class="spacer battle-history"><br></div><div class="battle-history">EeveeGirl_Star13 withdrew Sting!<br></div><div class="battle-history">EeveeGirl_Star13 sent out No no square (<strong>Ferrothorn</strong>)!<br></div><div class="battle-history"><small>Pointed stones dug into the opposing No no square!</small><br></div><div class="spacer battle-history"><br></div><div class="battle-history">Phione, come back!<br></div><div class="battle-history">Go! <strong>Tangela</strong>!<br></div><div class="spacer battle-history"><br></div><h2 class="battle-history">Turn 7</h2><div class="spacer battle-history"><br></div><div class="battle-history">Tangela, come back!<br></div><div class="battle-history">Go! <strong>Gliscor</strong>!<br></div><div class="spacer battle-history"><br></div><div class="battle-history">The opposing No no square used <strong>Knock Off</strong>!<br></div><div class="battle-history"><small>(Gliscor lost 16% of its health!)</small><br></div><div class="battle-history"><small>The opposing No no square knocked off Gliscor's Toxic Orb!</small><br></div><div class="spacer battle-history"><br></div><h2 class="battle-history">Turn 8</h2><div class="spacer battle-history"><br></div><div class="battle-history">Gliscor used <strong>Earthquake</strong>!<br></div><div class="battle-history"><small>(The opposing No no square lost 25% of its health!)</small><br></div><div class="spacer battle-history"><br></div><div class="battle-history">The opposing No no square used <strong>Leech Seed</strong>!<br></div><div class="battle-history"><small>Gliscor was seeded!</small><br></div><div class="spacer battle-history"><br></div><div class="battle-history"><small>Gliscor's health is sapped by Leech Seed!</small><br></div><div class="spacer battle-history"><br></div><h2 class="battle-history">Turn 9</h2><div class="spacer battle-history"><br></div><div class="battle-history">Gliscor, come back!<br></div><div class="battle-history">Go! <strong>Heatran</strong>!<br></div><div class="spacer battle-history"><br></div><div class="battle-history">The opposing No no square used <strong>Spikes</strong>!<br></div><div class="battle-history"><small>Spikes were scattered on the ground all around your team!</small><br></div><div class="spacer battle-history"><br></div><div class="battle-history"><small>Heatran restored a little HP using its Leftovers!</small><br></div><div class="spacer battle-history"><br></div><h2 class="battle-history">Turn 10</h2><div class="spacer battle-history"><br></div><div class="battle-history">EeveeGirl_Star13 withdrew No no square!<br></div><div class="battle-history">EeveeGirl_Star13 sent out Sting (<strong>Gliscor</strong>)!<br></div><div class="battle-history"><small>Pointed stones dug into the opposing Sting!</small><br></div><div class="spacer battle-history"><br></div><div class="battle-history">Heatran used <strong>Magma Storm</strong>!<br></div><div class="battle-history"><small>(The opposing Sting lost 39% of its health!)</small><br></div><div class="battle-history"><small>The opposing Sting became trapped by swirling magma!</small><br></div><div class="spacer battle-history"><br></div><div class="battle-history"><small>Heatran restored a little HP using its Leftovers!</small><br></div><div class="battle-history">[The opposing Sting's Poison Heal]<br><small>The opposing Sting had its HP restored.</small><br></div><div class="battle-history"><small>The opposing Sting is hurt by Magma Storm!</small><br></div><div class="spacer battle-history"><br></div><h2 class="battle-history">Turn 11</h2><div class="spacer battle-history"><br></div><div class="battle-history">Heatran, come back!<br></div><div class="battle-history">Go! <strong>Phione</strong>!<br></div><div class="battle-history"><small>Phione was hurt by the spikes!</small><br></div><div class="spacer battle-history"><br></div><div class="battle-history">The opposing Sting used <strong>Roost</strong>!<br></div><div class="battle-history"><small>The opposing Sting had its HP restored.</small><br></div><div class="battle-history"><small>(The opposing Sting loses Flying type this turn.)</small><br></div><div class="spacer battle-history"><br></div><div class="battle-history">[The opposing Sting's Poison Heal]<br><small>The opposing Sting had its HP restored.</small><br></div><div class="spacer battle-history"><br></div><h2 class="battle-history">Turn 12</h2><div class="spacer battle-history"><br></div><div class="battle-history">EeveeGirl_Star13 withdrew Sting!<br></div><div class="battle-history">EeveeGirl_Star13 sent out No no square (<strong>Ferrothorn</strong>)!<br></div><div class="battle-history"><small>Pointed stones dug into the opposing No no square!</small><br></div><div class="spacer battle-history"><br></div><div class="battle-history">Phione used <strong>Flip Turn</strong>!<br></div><div class="battle-history"><small>It's not very effective...</small><br></div><div class="battle-history"><small>(The opposing No no square lost 7% of its health!)</small><br></div><div class="battle-history">[The opposing No no square's Iron Barbs]<br><small>Phione was hurt!</small><br></div><div class="battle-history"><small>Phione was hurt by the Rocky Helmet!</small><br></div><div class="spacer battle-history"><br></div><div class="battle-history">Phione, come back!<br></div><div class="battle-history">Go! <strong>Heatran</strong>!<br></div><div class="battle-history"><small>Heatran was hurt by the spikes!</small><br></div><div class="spacer battle-history"><br></div><div class="battle-history"><small>Heatran restored a little HP using its Leftovers!</small><br></div><div class="spacer battle-history"><br></div><h2 class="battle-history">Turn 13</h2><div class="spacer battle-history"><br></div><div class="battle-history">Heatran, come back!<br></div><div class="battle-history">Go! <strong>Phione</strong>!<br></div><div class="battle-history"><small>Phione was hurt by the spikes!</small><br></div><div class="spacer battle-history"><br></div><div class="battle-history">EeveeGirl_Star13 withdrew No no square!<br></div><div class="battle-history">EeveeGirl_Star13 sent out Sting (<strong>Gliscor</strong>)!<br></div><div class="battle-history"><small>Pointed stones dug into the opposing Sting!</small><br></div><div class="spacer battle-history"><br></div><div class="battle-history">[The opposing Sting's Poison Heal]<br><small>The opposing Sting had its HP restored.</small><br></div><div class="spacer battle-history"><br></div><h2 class="battle-history">Turn 14</h2><div class="spacer battle-history"><br></div><div class="battle-history">The opposing Sting used <strong>Earthquake</strong>!<br></div><div class="battle-history"><small>(Phione lost 26% of its health!)</small><br></div><div class="spacer battle-history"><br></div><div class="battle-history">Phione used <strong>Life Dew</strong>!<br></div><div class="battle-history"><small>Phione had its HP restored.</small><br></div><div class="spacer battle-history"><br></div><h2 class="battle-history">Turn 15</h2><div class="spacer battle-history"><br></div><div class="battle-history">EeveeGirl_Star13 withdrew Sting!<br></div><div class="battle-history">EeveeGirl_Star13 sent out No no square (<strong>Ferrothorn</strong>)!<br></div><div class="battle-history"><small>Pointed stones dug into the opposing No no square!</small><br></div><div class="spacer battle-history"><br></div><div class="battle-history">Phione used <strong>Life Dew</strong>!<br></div><div class="battle-history"><small>Phione had its HP restored.</small><br></div><div class="spacer battle-history"><br></div><h2 class="battle-history">Turn 16</h2><div class="spacer battle-history"><br></div><div class="battle-history">Phione, come back!<br></div><div class="battle-history">Go! <strong>Gliscor</strong>!<br></div><div class="spacer battle-history"><br></div><div class="battle-history">The opposing No no square used <strong>Spikes</strong>!<br></div><div class="battle-history"><small>Spikes were scattered on the ground all around your team!</small><br></div><div class="spacer battle-history"><br></div><h2 class="battle-history">Turn 17</h2><div class="spacer battle-history"><br></div><div class="battle-history">Gliscor used <strong>Defog</strong>!<br></div><div class="battle-history"><small>The opposing No no square's evasiveness fell!</small><br></div><div class="battle-history"><small>The pointed stones disappeared from around the opposing team!</small><br></div><div class="battle-history"><small>The spikes disappeared from the ground around your team!</small><br></div><div class="spacer battle-history"><br></div><div class="battle-history">The opposing No no square used <strong>Leech Seed</strong>!<br></div><div class="battle-history"><small>Gliscor was seeded!</small><br></div><div class="spacer battle-history"><br></div><div class="battle-history"><small>Gliscor's health is sapped by Leech Seed!</small><br></div><div class="spacer battle-history"><br></div><h2 class="battle-history">Turn 18</h2><div class="spacer battle-history"><br></div><div class="battle-history">Gliscor, come back!<br></div><div class="battle-history">Go! <strong>Heatran</strong>!<br></div><div class="spacer battle-history"><br></div><div class="battle-history">The opposing No no square used <strong>Spikes</strong>!<br></div><div class="battle-history"><small>Spikes were scattered on the ground all around your team!</small><br></div><div class="spacer battle-history"><br></div><div class="battle-history"><small>Heatran restored a little HP using its Leftovers!</small><br></div><div class="spacer battle-history"><br></div><h2 class="battle-history">Turn 19</h2><div class="spacer battle-history"><br></div><div class="battle-history">Heatran, come back!<br></div><div class="battle-history">Go! <strong>Gallade</strong>!<br></div><div class="battle-history"><small>Gallade was hurt by the spikes!</small><br></div><div class="spacer battle-history"><br></div><div class="battle-history">EeveeGirl_Star13 withdrew No no square!<br></div><div class="battle-history">EeveeGirl_Star13 sent out Sting (<strong>Gliscor</strong>)!<br></div><div class="spacer battle-history"><br></div><h2 class="battle-history">Turn 20</h2><div class="spacer battle-history"><br></div><div class="battle-history">EeveeGirl_Star13 withdrew Sting!<br></div><div class="battle-history">EeveeGirl_Star13 sent out SlowBruh (<strong>Slowbro</strong>)!<br></div><div class="spacer battle-history"><br></div><div class="battle-history">Gallade used <strong>Triple Axel</strong>!<br></div><div class="battle-history"><small>It's not very effective...</small><br></div><div class="battle-history"><small>(The opposing SlowBruh lost 2% of its health!)</small><br></div><div class="battle-history"><small>It's not very effective...</small><br></div><div class="battle-history"><small>(The opposing SlowBruh lost 3% of its health!)</small><br></div><div class="battle-history"><small>It's not very effective...</small><br></div><div class="battle-history"><small>(The opposing SlowBruh lost 7% of its health!)</small><br></div><div class="battle-history"><small>The Pokémon was hit 3 times!</small><br></div><div class="spacer battle-history"><br></div><h2 class="battle-history">Turn 21</h2><div class="spacer battle-history"><br></div><div class="battle-history">Gallade, come back!<br></div><div class="battle-history">Go! <strong>Tangela</strong>!<br></div><div class="battle-history"><small>Tangela was hurt by the spikes!</small><br></div><div class="spacer battle-history"><br></div><div class="battle-history">The opposing SlowBruh used <strong>Scald</strong>!<br></div><div class="battle-history"><small>It's not very effective...</small><br></div><div class="battle-history"><small>(Tangela lost 19% of its health!)</small><br></div><div class="spacer battle-history"><br></div><h2 class="battle-history">Turn 22</h2><div class="spacer battle-history"><br></div><div class="battle-history">EeveeGirl_Star13 withdrew SlowBruh!<br></div><div class="battle-history">EeveeGirl_Star13 sent out No no square (<strong>Ferrothorn</strong>)!<br></div><div class="spacer battle-history"><br></div><div class="battle-history">Tangela used <strong>Sleep Powder</strong>!<br></div><div class="battle-history"><small>It doesn't affect the opposing No no square...</small><br></div><div class="spacer battle-history"><br></div><h2 class="battle-history">Turn 23</h2><div class="spacer battle-history"><br></div><div class="battle-history">Tangela, come back!<br></div><div class="battle-history">Go! <strong>Gliscor</strong>!<br></div><div class="spacer battle-history"><br></div><div class="battle-history">The opposing No no square used <strong>Spikes</strong>!<br></div><div class="battle-history"><small>Spikes were scattered on the ground all around your team!</small><br></div><div class="spacer battle-history"><br></div><h2 class="battle-history">Turn 24</h2><div class="spacer battle-history"><br></div><div class="battle-history">Gliscor used <strong>Defog</strong>!<br></div><div class="battle-history"><small>The opposing No no square's evasiveness fell!</small><br></div><div class="battle-history"><small>The spikes disappeared from the ground around your team!</small><br></div><div class="spacer battle-history"><br></div><div class="battle-history">The opposing No no square used <strong>Leech Seed</strong>!<br></div><div class="battle-history"><small>Gliscor was seeded!</small><br></div><div class="spacer battle-history"><br></div><div class="battle-history"><small>Gliscor's health is sapped by Leech Seed!</small><br></div><div class="spacer battle-history"><br></div><h2 class="battle-history">Turn 25</h2><div class="spacer battle-history"><br></div><div class="battle-history">Gliscor used <strong>Roost</strong>!<br></div><div class="battle-history"><small>Gliscor had its HP restored.</small><br></div><div class="battle-history"><small>(Gliscor loses Flying type this turn.)</small><br></div><div class="spacer battle-history"><br></div><div class="battle-history">The opposing No no square used <strong>Knock Off</strong>!<br></div><div class="battle-history"><small>(Gliscor lost 13% of its health!)</small><br></div><div class="spacer battle-history"><br></div><div class="battle-history"><small>Gliscor's health is sapped by Leech Seed!</small><br></div><div class="spacer battle-history"><br></div><h2 class="battle-history">Turn 26</h2><div class="spacer battle-history"><br></div><div class="battle-history">Gliscor, come back!<br></div><div class="battle-history">Go! <strong>Heatran</strong>!<br></div><div class="spacer battle-history"><br></div><div class="battle-history">The opposing No no square used <strong>Spikes</strong>!<br></div><div class="battle-history"><small>Spikes were scattered on the ground all around your team!</small><br></div><div class="spacer battle-history"><br></div><div class="battle-history"><small>Heatran restored a little HP using its Leftovers!</small><br></div><div class="spacer battle-history"><br></div><h2 class="battle-history">Turn 27</h2><div class="spacer battle-history"><br></div><div class="battle-history">Heatran, come back!<br></div><div class="battle-history">Go! <strong>Phione</strong>!<br></div><div class="battle-history"><small>Phione was hurt by the spikes!</small><br></div><div class="spacer battle-history"><br></div><div class="battle-history">EeveeGirl_Star13 withdrew No no square!<br></div><div class="battle-history">EeveeGirl_Star13 sent out Sting (<strong>Gliscor</strong>)!<br></div><div class="spacer battle-history"><br></div><h2 class="battle-history">Turn 28</h2><div class="spacer battle-history"><br></div><div class="battle-history">EeveeGirl_Star13 withdrew Sting!<br></div><div class="battle-history">EeveeGirl_Star13 sent out No no square (<strong>Ferrothorn</strong>)!<br></div><div class="spacer battle-history"><br></div><div class="battle-history">Phione used <strong>Knock Off</strong>!<br></div><div class="battle-history"><small>(The opposing No no square lost 14% of its health!)</small><br></div><div class="battle-history">[The opposing No no square's Iron Barbs]<br><small>Phione was hurt!</small><br></div><div class="battle-history"><small>Phione was hurt by the Rocky Helmet!</small><br></div><div class="battle-history"><small>Phione knocked off the opposing No no square's Rocky Helmet!</small><br></div><div class="spacer battle-history"><br></div><h2 class="battle-history">Turn 29</h2><div class="spacer battle-history"><br></div><div class="battle-history">Phione used <strong>Life Dew</strong>!<br></div><div class="battle-history"><small>Phione had its HP restored.</small><br></div><div class="spacer battle-history"><br></div><div class="battle-history">The opposing No no square used <strong>Power Whip</strong>!<br></div><div class="battle-history"><small>It's super effective!</small><br></div><div class="battle-history"><small>(Phione lost 61% of its health!)</small><br></div><div class="spacer battle-history"><br></div><h2 class="battle-history">Turn 30</h2><div class="spacer battle-history"><br></div><div class="battle-history">Phione, come back!<br></div><div class="battle-history">Go! <strong>Tangela</strong>!<br></div><div class="battle-history"><small>Tangela was hurt by the spikes!</small><br></div><div class="spacer battle-history"><br></div><div class="battle-history">The opposing No no square used <strong>Knock Off</strong>!<br></div><div class="battle-history"><small>(Tangela lost 10% of its health!)</small><br></div><div class="battle-history"><small>The opposing No no square knocked off Tangela's Eviolite!</small><br></div><div class="spacer battle-history"><br></div><h2 class="battle-history">Turn 31</h2><div class="spacer battle-history"><br></div><div class="battle-history">Tangela, come back!<br></div><div class="battle-history">Go! <strong>Gliscor</strong>!<br></div><div class="spacer battle-history"><br></div><div class="battle-history">The opposing No no square used <strong>Spikes</strong>!<br></div><div class="battle-history"><small>Spikes were scattered on the ground all around your team!</small><br></div><div class="spacer battle-history"><br></div><h2 class="battle-history">Turn 32</h2><div class="spacer battle-history"><br></div><div class="battle-history">Gliscor used <strong>Defog</strong>!<br></div><div class="battle-history"><small>The opposing No no square's evasiveness fell!</small><br></div><div class="battle-history"><small>The spikes disappeared from the ground around your team!</small><br></div><div class="spacer battle-history"><br></div><div class="battle-history">The opposing No no square used <strong>Leech Seed</strong>!<br></div><div class="battle-history"><small>Gliscor was seeded!</small><br></div><div class="spacer battle-history"><br></div><div class="battle-history"><small>Gliscor's health is sapped by Leech Seed!</small><br></div><div class="spacer battle-history"><br></div><h2 class="battle-history">Turn 33</h2><div class="spacer battle-history"><br></div><div class="battle-history">Gliscor, come back!<br></div><div class="battle-history">Go! <strong>Gallade</strong>!<br></div><div class="spacer battle-history"><br></div><div class="battle-history">The opposing No no square used <strong>Power Whip</strong>!<br></div><div class="battle-history"><small>(Gallade lost 73% of its health!)</small><br></div><div class="spacer battle-history"><br></div><h2 class="battle-history">Turn 34</h2><div class="spacer battle-history"><br></div><div class="battle-history">EeveeGirl_Star13 withdrew No no square!<br></div><div class="battle-history">EeveeGirl_Star13 sent out SlowBruh (<strong>Slowbro</strong>)!<br></div><div class="spacer battle-history"><br></div><div class="battle-history"><small>Gallade's Galladite is reacting to the Key Stone!</small><br>Gallade has Mega Evolved into Mega Gallade!<br></div><div class="chat"><ul class="utilichart"><li class="result"><span class="col pokemonnamecol" style="white-space: nowrap">Gallade-Mega</span> <span class="col typecol"><img src="https://dragonheaven.herokuapp.com/sprites/types/Psychic.png" alt="Psychic" height="14" width="32"><img src="https://dragonheaven.herokuapp.com/sprites/types/Fighting.png" alt="Fighting" height="14" width="32"></span> <span style="float: left ; min-height: 26px"><span class="col abilitycol">Overclock</span><span class="col abilitycol"></span></span><span style="float: left ; min-height: 26px"><span class="col statcol"><em>HP</em><br>68</span> <span class="col statcol"><em>Atk</em><br>165</span> <span class="col statcol"><em>Def</em><br>95</span> <span class="col statcol"><em>SpA</em><br>65</span> <span class="col statcol"><em>SpD</em><br>115</span> <span class="col statcol"><em>Spe</em><br>110</span> </span></li><li style="clear: both"></li></ul></div><div class="spacer battle-history"><br></div><div class="battle-history">Gallade used <strong>Close Combat</strong>!<br></div><div class="battle-history"><small>It's not very effective...</small><br></div><div class="battle-history"><small>(The opposing SlowBruh lost 30% of its health!)</small><br></div><div class="battle-history"><small>Gallade's Defense fell!</small><br></div><div class="battle-history"><small>Gallade's Sp. Def fell!</small><br></div><div class="spacer battle-history"><br></div><h2 class="battle-history">Turn 35</h2><div class="spacer battle-history"><br></div><div class="battle-history">Gallade, come back!<br></div><div class="battle-history">Go! <strong>Phione</strong>!<br></div><div class="spacer battle-history"><br></div><div class="battle-history">The opposing SlowBruh used <strong>Scald</strong>!<br></div><div class="battle-history">[Phione's Hydration]<br><small>It doesn't affect Phione...</small><br></div><div class="spacer battle-history"><br></div><h2 class="battle-history">Turn 36</h2><div class="spacer battle-history"><br></div><div class="battle-history">Phione used <strong>Life Dew</strong>!<br></div><div class="battle-history"><small>Phione had its HP restored.</small><br></div><div class="spacer battle-history"><br></div><div class="battle-history">The opposing SlowBruh used <strong>Psychic</strong>!<br></div><div class="battle-history"><small>A critical hit!</small><br></div><div class="battle-history"><small>(Phione lost 30% of its health!)</small><br></div><div class="spacer battle-history"><br></div><h2 class="battle-history">Turn 37</h2><div class="spacer battle-history"><br></div><div class="battle-history">EeveeGirl_Star13 withdrew SlowBruh!<br></div><div class="battle-history">EeveeGirl_Star13 sent out No no square (<strong>Ferrothorn</strong>)!<br></div><div class="spacer battle-history"><br></div><div class="battle-history">Phione used <strong>Knock Off</strong>!<br></div><div class="battle-history"><small>(The opposing No no square lost 9% of its health!)</small><br></div><div class="battle-history">[The opposing No no square's Iron Barbs]<br><small>Phione was hurt!</small><br></div><div class="spacer battle-history"><br></div><h2 class="battle-history">Turn 38</h2><div class="spacer battle-history"><br></div><div class="battle-history">Phione used <strong>Life Dew</strong>!<br></div><div class="battle-history"><small>Phione had its HP restored.</small><br></div><div class="spacer battle-history"><br></div><div class="battle-history">The opposing No no square used <strong>Knock Off</strong>!<br></div><div class="battle-history"><small>(Phione lost 10% of its health!)</small><br></div><div class="spacer battle-history"><br></div><h2 class="battle-history">Turn 39</h2><div class="spacer battle-history"><br></div><div class="battle-history">Phione, come back!<br></div><div class="battle-history">Go! <strong>Tangela</strong>!<br></div><div class="spacer battle-history"><br></div><div class="battle-history">The opposing No no square used <strong>Spikes</strong>!<br></div><div class="battle-history"><small>Spikes were scattered on the ground all around your team!</small><br></div><div class="spacer battle-history"><br></div><h2 class="battle-history">Turn 40</h2><div class="spacer battle-history"><br></div><div class="battle-history">Tangela, come back!<br></div><div class="battle-history">Go! <strong>Gliscor</strong>!<br></div><div class="spacer battle-history"><br></div><div class="battle-history">The opposing No no square used <strong>Spikes</strong>!<br></div><div class="battle-history"><small>Spikes were scattered on the ground all around your team!</small><br></div><div class="spacer battle-history"><br></div><h2 class="battle-history">Turn 41</h2><div class="spacer battle-history"><br></div><div class="battle-history">Gliscor used <strong>Defog</strong>!<br></div><div class="battle-history"><small>The opposing No no square's evasiveness fell!</small><br></div><div class="battle-history"><small>The spikes disappeared from the ground around your team!</small><br></div><div class="spacer battle-history"><br></div><div class="battle-history">The opposing No no square used <strong>Power Whip</strong>!<br></div><div class="battle-history"><small>(Gliscor lost 33% of its health!)</small><br></div><div class="spacer battle-history"><br></div><h2 class="battle-history">Turn 42</h2><div class="spacer battle-history"><br></div><div class="battle-history">Gliscor used <strong>Roost</strong>!<br></div><div class="battle-history"><small>Gliscor had its HP restored.</small><br></div><div class="battle-history"><small>(Gliscor loses Flying type this turn.)</small><br></div><div class="spacer battle-history"><br></div><div class="battle-history">The opposing No no square used <strong>Power Whip</strong>!<br></div><div class="battle-history"><small>It's super effective!</small><br></div><div class="battle-history"><small>(Gliscor lost 66% of its health!)</small><br></div><div class="spacer battle-history"><br></div><h2 class="battle-history">Turn 43</h2><div class="spacer battle-history"><br></div><div class="battle-history">Gliscor, come back!<br></div><div class="battle-history">Go! <strong>Heatran</strong>!<br></div><div class="spacer battle-history"><br></div><div class="battle-history">The opposing No no square used <strong>Knock Off</strong>!<br></div><div class="battle-history"><small>(Heatran lost 18% of its health!)</small><br></div><div class="battle-history"><small>The opposing No no square knocked off Heatran's Leftovers!</small><br></div><div class="spacer battle-history"><br></div><h2 class="battle-history">Turn 44</h2><div class="chat"><small>+Beaf Cultist joined</small></div><div class="spacer battle-history"><br></div><div class="battle-history">EeveeGirl_Star13 withdrew No no square!<br></div><div class="battle-history">EeveeGirl_Star13 sent out Sting (<strong>Gliscor</strong>)!<br></div><div class="spacer battle-history"><br></div><div class="battle-history">Heatran used <strong>Magma Storm</strong>!<br></div><div class="battle-history"><small>(The opposing Sting lost 45% of its health!)</small><br></div><div class="battle-history"><small>The opposing Sting became trapped by swirling magma!</small><br></div><div class="spacer battle-history"><br></div><div class="battle-history">[The opposing Sting's Poison Heal]<br><small>The opposing Sting had its HP restored.</small><br></div><div class="battle-history"><small>The opposing Sting is hurt by Magma Storm!</small><br></div><div class="spacer battle-history"><br></div><h2 class="battle-history">Turn 45</h2><div class="spacer battle-history"><br></div><div class="battle-history">Heatran, come back!<br></div><div class="battle-history">Go! <strong>Scizor</strong>!<br></div><div class="spacer battle-history"><br></div><div class="battle-history">The opposing Sting used <strong>Earthquake</strong>!<br></div><div class="battle-history"><small>(Scizor lost 33% of its health!)</small><br></div><div class="spacer battle-history"><br></div><div class="battle-history">[The opposing Sting's Poison Heal]<br><small>The opposing Sting had its HP restored.</small><br></div><div class="spacer battle-history"><br></div><h2 class="battle-history">Turn 46</h2><div class="spacer battle-history"><br></div><div class="battle-history">The opposing Sting used <strong>Roost</strong>!<br></div><div class="battle-history"><small>The opposing Sting had its HP restored.</small><br></div><div class="battle-history"><small>(The opposing Sting loses Flying type this turn.)</small><br></div><div class="spacer battle-history"><br></div><div class="battle-history">Scizor used <strong>Roost</strong>!<br></div><div class="battle-history"><small>Scizor had its HP restored.</small><br></div><div class="spacer battle-history"><br></div><h2 class="battle-history">Turn 47</h2><div class="spacer battle-history"><br></div><div class="battle-history">The opposing Sting used <strong>Swords Dance</strong>!<br></div><div class="battle-history"><small>The opposing Sting's Attack rose sharply!</small><br></div><div class="spacer battle-history"><br></div><div class="battle-history">Scizor used <strong>U-turn</strong>!<br></div><div class="battle-history"><small>It's not very effective...</small><br></div><div class="battle-history"><small>(The opposing Sting lost 11% of its health!)</small><br></div><div class="spacer battle-history"><br></div><div class="battle-history">Scizor went back to swagggod!<br></div><div class="battle-history">Go! Gallade (<strong>Gallade-Mega</strong>)!<br></div><div class="spacer battle-history"><br></div><div class="battle-history">[The opposing Sting's Poison Heal]<br><small>The opposing Sting had its HP restored.</small><br></div><div class="spacer battle-history"><br></div><h2 class="battle-history">Turn 48</h2><div class="spacer battle-history"><br></div><div class="battle-history">Gallade, come back!<br></div><div class="battle-history">Go! <strong>Tangela</strong>!<br></div><div class="spacer battle-history"><br></div><div class="battle-history">EeveeGirl_Star13 withdrew Sting!<br></div><div class="battle-history">EeveeGirl_Star13 sent out SlowBruh (<strong>Slowbro</strong>)!<br></div><div class="spacer battle-history"><br></div><h2 class="battle-history">Turn 49</h2><div class="spacer battle-history"><br></div><div class="battle-history">Tangela, come back!<br></div><div class="battle-history">Go! <strong>Gliscor</strong>!<br></div><div class="spacer battle-history"><br></div><div class="battle-history">EeveeGirl_Star13 withdrew SlowBruh!<br></div><div class="battle-history">EeveeGirl_Star13 sent out No no square (<strong>Ferrothorn</strong>)!<br></div><div class="spacer battle-history"><br></div><h2 class="battle-history">Turn 50</h2><div class="spacer battle-history"><br></div><div class="battle-history">Gliscor, come back!<br></div><div class="battle-history">Go! <strong>Scizor</strong>!<br></div><div class="spacer battle-history"><br></div><div class="battle-history">The opposing No no square used <strong>Power Whip</strong>!<br></div><div class="battle-history"><small>It's not very effective...</small><br></div><div class="battle-history"><small>(Scizor lost 9% of its health!)</small><br></div><div class="spacer battle-history"><br></div><h2 class="battle-history">Turn 51</h2><div class="spacer battle-history"><br></div><div class="battle-history">Scizor used <strong>U-turn</strong>!<br></div><div class="battle-history"><small>(The opposing No no square lost 23% of its health!)</small><br></div><div class="battle-history">[The opposing No no square's Iron Barbs]<br><small>Scizor was hurt!</small><br></div><div class="battle-history"><small>Scizor restored a little HP using its Shell Bell!</small><br></div><div class="spacer battle-history"><br></div><div class="battle-history">Scizor went back to swagggod!<br></div><div class="battle-history">Go! <strong>Heatran</strong>!<br></div><div class="spacer battle-history"><br></div><div class="battle-history">The opposing No no square used <strong>Leech Seed</strong>!<br></div><div class="battle-history"><small>Heatran was seeded!</small><br></div><div class="spacer battle-history"><br></div><div class="battle-history"><small>Heatran's health is sapped by Leech Seed!</small><br></div><div class="spacer battle-history"><br></div><h2 class="battle-history">Turn 52</h2><div class="spacer battle-history"><br></div><div class="battle-history">Heatran, come back!<br></div><div class="battle-history">Go! Gallade (<strong>Gallade-Mega</strong>)!<br></div><div class="spacer battle-history"><br></div><div class="battle-history">EeveeGirl_Star13 withdrew No no square!<br></div><div class="battle-history">EeveeGirl_Star13 sent out Sting (<strong>Gliscor</strong>)!<br></div><div class="spacer battle-history"><br></div><h2 class="battle-history">Turn 53</h2><div class="spacer battle-history"><br></div><div class="battle-history">EeveeGirl_Star13 withdrew Sting!<br></div><div class="battle-history">EeveeGirl_Star13 sent out SlowBruh (<strong>Slowbro</strong>)!<br></div><div class="spacer battle-history"><br></div><div class="battle-history">Gallade used <strong>Triple Axel</strong>!<br></div><div class="battle-history"><small>It's not very effective...</small><br></div><div class="battle-history"><small>(The opposing SlowBruh lost 2% of its health!)</small><br></div><div class="battle-history"><small>It's not very effective...</small><br></div><div class="battle-history"><small>(The opposing SlowBruh lost 4% of its health!)</small><br></div><div class="battle-history"><small>It's not very effective...</small><br></div><div class="battle-history"><small>A critical hit!</small><br></div><div class="battle-history"><small>(The opposing SlowBruh lost 12% of its health!)</small><br></div><div class="battle-history"><small>The Pokémon was hit 3 times!</small><br></div><div class="spacer battle-history"><br></div><h2 class="battle-history">Turn 54</h2><div class="spacer battle-history"><br></div><div class="battle-history">Gallade, come back!<br></div><div class="battle-history">Go! <strong>Tangela</strong>!<br></div><div class="spacer battle-history"><br></div><div class="battle-history">The opposing SlowBruh used <strong>Psychic</strong>!<br></div><div class="battle-history"><small>(Tangela lost 62% of its health!)</small><br></div><div class="spacer battle-history"><br></div><h2 class="battle-history">Turn 55</h2><div class="spacer battle-history"><br></div><div class="battle-history">Tangela, come back!<br></div><div class="battle-history">Go! <strong>Scizor</strong>!<br></div><div class="spacer battle-history"><br></div><div class="battle-history">The opposing SlowBruh used <strong>Psychic</strong>!<br></div><div class="battle-history"><small>It's not very effective...</small><br></div><div class="battle-history"><small>(Scizor lost 12% of its health!)</small><br></div><div class="battle-history"><small>Scizor's Sp. Def fell!</small><br></div><div class="spacer battle-history"><br></div><h2 class="battle-history">Turn 56</h2><div class="spacer battle-history"><br></div><div class="battle-history">EeveeGirl_Star13 withdrew SlowBruh!<br></div><div class="battle-history">EeveeGirl_Star13 sent out Sting (<strong>Gliscor</strong>)!<br></div><div class="spacer battle-history"><br></div><div class="battle-history">Scizor used <strong>U-turn</strong>!<br></div><div class="battle-history"><small>It's not very effective...</small><br></div><div class="battle-history"><small>A critical hit!</small><br></div><div class="battle-history"><small>(The opposing Sting lost 16% of its health!)</small><br></div><div class="battle-history"><small>Scizor restored a little HP using its Shell Bell!</small><br></div><div class="spacer battle-history"><br></div><div class="battle-history">Scizor went back to swagggod!<br></div><div class="battle-history">Go! Gallade (<strong>Gallade-Mega</strong>)!<br></div><div class="spacer battle-history"><br></div><div class="battle-history">[The opposing Sting's Poison Heal]<br><small>The opposing Sting had its HP restored.</small><br></div><div class="spacer battle-history"><br></div><h2 class="battle-history">Turn 57</h2><div class="spacer battle-history"><br></div><div class="battle-history">EeveeGirl_Star13 withdrew Sting!<br></div><div class="battle-history">EeveeGirl_Star13 sent out SlowBruh (<strong>Slowbro</strong>)!<br></div><div class="spacer battle-history"><br></div><div class="battle-history">Gallade used <strong>Swords Dance</strong>!<br></div><div class="battle-history"><small>Gallade's Attack rose sharply!</small><br></div><div class="spacer battle-history"><br></div><h2 class="battle-history">Turn 58</h2><div class="spacer battle-history"><br></div><div class="battle-history">Gallade, come back!<br></div><div class="battle-history">Go! <strong>Scizor</strong>!<br></div><div class="spacer battle-history"><br></div><div class="battle-history">The opposing SlowBruh used <strong>Psychic</strong>!<br></div><div class="battle-history"><small>It's not very effective...</small><br></div><div class="battle-history"><small>(Scizor lost 12% of its health!)</small><br></div><div class="spacer battle-history"><br></div><h2 class="battle-history">Turn 59</h2><div class="spacer battle-history"><br></div><div class="battle-history">Scizor used <strong>Toxic</strong>!<br></div><div class="battle-history"><small>The opposing SlowBruh was badly poisoned!</small><br></div><div class="spacer battle-history"><br></div><div class="battle-history">The opposing SlowBruh used <strong>Slack Off</strong>!<br></div><div class="battle-history"><small>The opposing SlowBruh's HP is full!</small><br></div><div class="spacer battle-history"><br></div><div class="battle-history"><small>The opposing SlowBruh was hurt by poison!</small><br></div><div class="spacer battle-history"><br></div><h2 class="battle-history">Turn 60</h2><div class="spacer battle-history"><br></div><div class="battle-history">EeveeGirl_Star13 withdrew SlowBruh!<br></div><div class="battle-history">EeveeGirl_Star13 sent out Sting (<strong>Gliscor</strong>)!<br></div><div class="spacer battle-history"><br></div><div class="battle-history">Scizor used <strong>U-turn</strong>!<br></div><div class="battle-history"><small>It's not very effective...</small><br></div><div class="battle-history"><small>(The opposing Sting lost 11% of its health!)</small><br></div><div class="battle-history"><small>Scizor restored a little HP using its Shell Bell!</small><br></div><div class="spacer battle-history"><br></div><div class="battle-history">Scizor went back to swagggod!<br></div><div class="battle-history">Go! Gallade (<strong>Gallade-Mega</strong>)!<br></div><div class="spacer battle-history"><br></div><div class="battle-history">[The opposing Sting's Poison Heal]<br><small>The opposing Sting had its HP restored.</small><br></div><div class="spacer battle-history"><br></div><h2 class="battle-history">Turn 61</h2><div class="spacer battle-history"><br></div><div class="battle-history">Gallade, come back!<br></div><div class="battle-history">Go! <strong>Scizor</strong>!<br></div><div class="spacer battle-history"><br></div><div class="battle-history">EeveeGirl_Star13 withdrew Sting!<br></div><div class="battle-history">EeveeGirl_Star13 sent out SlowBruh (<strong>Slowbro</strong>)!<br></div><div class="spacer battle-history"><br></div><div class="battle-history"><small>The opposing SlowBruh was hurt by poison!</small><br></div><div class="spacer battle-history"><br></div><h2 class="battle-history">Turn 62</h2><div class="spacer battle-history"><br></div><div class="battle-history">Scizor used <strong>U-turn</strong>!<br></div><div class="battle-history"><small>It's super effective!</small><br></div><div class="battle-history"><small>(The opposing SlowBruh lost 35% of its health!)</small><br></div><div class="battle-history"><small>Scizor restored a little HP using its Shell Bell!</small><br></div><div class="spacer battle-history"><br></div><div class="battle-history">Scizor went back to swagggod!<br></div><div class="battle-history">Go! <strong>Phione</strong>!<br></div><div class="spacer battle-history"><br></div><div class="battle-history">The opposing SlowBruh used <strong>Scald</strong>!<br></div><div class="battle-history">[Phione's Hydration]<br><small>It doesn't affect Phione...</small><br></div><div class="spacer battle-history"><br></div><div class="battle-history"><small>The opposing SlowBruh was hurt by poison!</small><br></div><div class="spacer battle-history"><br></div><h2 class="battle-history">Turn 63</h2><div class="spacer battle-history"><br></div><div class="battle-history">EeveeGirl_Star13 withdrew SlowBruh!<br></div><div class="battle-history">EeveeGirl_Star13 sent out No no square (<strong>Ferrothorn</strong>)!<br></div><div class="spacer battle-history"><br></div><div class="battle-history">Phione used <strong>Flip Turn</strong>!<br></div><div class="battle-history"><small>It's not very effective...</small><br></div><div class="battle-history"><small>(The opposing No no square lost 7% of its health!)</small><br></div><div class="battle-history">[The opposing No no square's Iron Barbs]<br><small>Phione was hurt!</small><br></div><div class="spacer battle-history"><br></div><div class="battle-history">Phione, come back!<br></div><div class="battle-history">Go! Gallade (<strong>Gallade-Mega</strong>)!<br></div><div class="spacer battle-history"><br></div><h2 class="battle-history">Turn 64</h2><div class="chat"><small>+analysis geek left</small></div><div class="spacer battle-history"><br></div><div class="battle-history">EeveeGirl_Star13 withdrew No no square!<br></div><div class="battle-history">EeveeGirl_Star13 sent out Pride month!!! (<strong>Alcremie-Rainbow-Swirl</strong>)!<br></div><div class="battle-history">[The opposing Pride month!!!'s Power of Alchemy]<br></div><div class="chat"><ul class="utilichart"><li class="result"><span class="col pokemonnamecol" style="white-space: nowrap">Alcremie-Rainbow-Swirl</span> <span class="col typecol"><img src="https://dragonheaven.herokuapp.com/sprites/types/Fairy.png" alt="Fairy" height="14" width="32"></span> <span style="float: left ; min-height: 26px"><span class="col abilitycol">Sweet Veil / Sticky Hold / Power of Alchemy (Alcremie)</span><span class="col abilitycol"></span></span></li><li style="clear: both"></li></ul></div><div class="chat"><ul class="utilichart"><li class="result"><span style="float: left ; min-height: 26px"><span class="col statcol"><em>HP</em><br>65</span> <span class="col statcol"><em>Atk</em><br>60</span> <span class="col statcol"><em>Def</em><br>75</span> <span class="col statcol"><em>SpA</em><br>110</span> <span class="col statcol"><em>SpD</em><br>121</span> <span class="col statcol"><em>Spe</em><br>64</span> </span></li><li style="clear: both"></li></ul></div><div class="spacer battle-history"><br></div><div class="battle-history">Gallade used <strong>Close Combat</strong>!<br></div><div class="battle-history"><small>It's not very effective...</small><br></div><div class="battle-history"><small>(The opposing Pride month!!! lost 43% of its health!)</small><br></div><div class="battle-history"><small>Gallade's Defense fell!</small><br></div><div class="battle-history"><small>Gallade's Sp. Def fell!</small><br></div><div class="spacer battle-history"><br></div><div class="battle-history">[The opposing Pride month!!!'s Power of Alchemy (Alcremie)]<br><small>The opposing Pride month!!! had its HP restored.</small><br></div><div class="spacer battle-history"><br></div><h2 class="battle-history">Turn 65</h2><div class="spacer battle-history"><br></div><div class="battle-history">Gallade, come back!<br></div><div class="battle-history">Go! <strong>Scizor</strong>!<br></div><div class="spacer battle-history"><br></div><div class="battle-history">The opposing Pride month!!! used <strong>Mystical Fire</strong>!<br></div><div class="battle-history"><small>It's super effective!</small><br></div><div class="battle-history"><small>(Scizor lost 61% of its health!)</small><br></div><div class="battle-history"><small>Scizor's Sp. Atk fell!</small><br></div><div class="spacer battle-history"><br></div><div class="battle-history">[The opposing Pride month!!!'s Power of Alchemy (Alcremie)]<br><small>The opposing Pride month!!! had its HP restored.</small><br></div><div class="spacer battle-history"><br></div><h2 class="battle-history">Turn 66</h2><div class="spacer battle-history"><br></div><div class="battle-history">EeveeGirl_Star13 withdrew Pride month!!!!<br></div><div class="battle-history">EeveeGirl_Star13 sent out Sting (<strong>Gliscor</strong>)!<br></div><div class="spacer battle-history"><br></div><div class="battle-history">Scizor used <strong>Roost</strong>!<br></div><div class="battle-history"><small>Scizor had its HP restored.</small><br></div><div class="spacer battle-history"><br></div><div class="battle-history">[The opposing Sting's Poison Heal]<br><small>The opposing Sting had its HP restored.</small><br></div><div class="spacer battle-history"><br></div><h2 class="battle-history">Turn 67</h2><div class="spacer battle-history"><br></div><div class="battle-history">The opposing Sting used <strong>Earthquake</strong>!<br></div><div class="battle-history"><small>A critical hit!</small><br></div><div class="battle-history"><small>(Scizor lost 50% of its health!)</small><br></div><div class="spacer battle-history"><br></div><div class="battle-history">Scizor used <strong>U-turn</strong>!<br></div><div class="battle-history"><small>It's not very effective...</small><br></div><div class="battle-history"><small>(The opposing Sting lost 11% of its health!)</small><br></div><div class="battle-history"><small>Scizor restored a little HP using its Shell Bell!</small><br></div><div class="spacer battle-history"><br></div><div class="battle-history">Scizor went back to swagggod!<br></div><div class="battle-history">Go! Gallade (<strong>Gallade-Mega</strong>)!<br></div><div class="spacer battle-history"><br></div><div class="battle-history">[The opposing Sting's Poison Heal]<br><small>The opposing Sting had its HP restored.</small><br></div><div class="spacer battle-history"><br></div><h2 class="battle-history">Turn 68</h2><div class="spacer battle-history"><br></div><div class="battle-history">EeveeGirl_Star13 withdrew Sting!<br></div><div class="battle-history">EeveeGirl_Star13 sent out SlowBruh (<strong>Slowbro</strong>)!<br></div><div class="spacer battle-history"><br></div><div class="battle-history">Gallade used <strong>Close Combat</strong>!<br></div><div class="battle-history"><small>It's not very effective...</small><br></div><div class="battle-history"><small>(The opposing SlowBruh lost 26% of its health!)</small><br></div><div class="battle-history"><small>Gallade's Defense fell!</small><br></div><div class="battle-history"><small>Gallade's Sp. Def fell!</small><br></div><div class="spacer battle-history"><br></div><div class="battle-history"><small>The opposing SlowBruh was hurt by poison!</small><br></div><div class="spacer battle-history"><br></div><h2 class="battle-history">Turn 69</h2><div class="spacer battle-history"><br></div><div class="battle-history">Gallade, come back!<br></div><div class="battle-history">Go! <strong>Scizor</strong>!<br></div><div class="spacer battle-history"><br></div><div class="battle-history">The opposing SlowBruh used <strong>Slack Off</strong>!<br></div><div class="battle-history"><small>The opposing SlowBruh had its HP restored.</small><br></div><div class="spacer battle-history"><br></div><div class="battle-history"><small>The opposing SlowBruh was hurt by poison!</small><br></div><div class="spacer battle-history"><br></div><h2 class="battle-history">Turn 70</h2><div class="spacer battle-history"><br></div><div class="battle-history">EeveeGirl_Star13 withdrew SlowBruh!<br></div><div class="battle-history">EeveeGirl_Star13 sent out Sting (<strong>Gliscor</strong>)!<br></div><div class="spacer battle-history"><br></div><div class="battle-history">Scizor used <strong>Roost</strong>!<br></div><div class="battle-history"><small>Scizor had its HP restored.</small><br></div><div class="spacer battle-history"><br></div><h2 class="battle-history">Turn 71</h2><div class="spacer battle-history"><br></div><div class="battle-history">EeveeGirl_Star13 withdrew Sting!<br></div><div class="battle-history">EeveeGirl_Star13 sent out Pride month!!! (<strong>Alcremie-Rainbow-Swirl</strong>)!<br></div><div class="battle-history">[The opposing Pride month!!!'s Power of Alchemy]<br></div><div class="spacer battle-history"><br></div><div class="battle-history">Scizor used <strong>U-turn</strong>!<br></div><div class="battle-history"><small>It's not very effective...</small><br></div><div class="battle-history"><small>(The opposing Pride month!!! lost 13% of its health!)</small><br></div><div class="spacer battle-history"><br></div><div class="battle-history">Scizor went back to swagggod!<br></div><div class="battle-history">Go! <strong>Heatran</strong>!<br></div><div class="spacer battle-history"><br></div><div class="battle-history">[The opposing Pride month!!!'s Power of Alchemy (Alcremie)]<br><small>The opposing Pride month!!! had its HP restored.</small><br></div><div class="spacer battle-history"><br></div><h2 class="battle-history">Turn 72</h2><div class="spacer battle-history"><br></div><div class="battle-history">EeveeGirl_Star13 withdrew Pride month!!!!<br></div><div class="battle-history">EeveeGirl_Star13 sent out Sting (<strong>Gliscor</strong>)!<br></div><div class="spacer battle-history"><br></div><div class="battle-history">Heatran used <strong>Stealth Rock</strong>!<br></div><div class="battle-history"><small>Pointed stones float in the air around the opposing team!</small><br></div><div class="spacer battle-history"><br></div><h2 class="battle-history">Turn 73</h2><div class="chat chatmessage-zcopen"><strong style="color:#226dd7"><small>+</small><span class="username" data-name="ZCopen">ZCopen</span>:</strong> <em>based alcremie</em></div><div class="chat"><small>+moretto joined</small></div><div class="spacer battle-history"><br></div><div class="battle-history">Heatran, come back!<br></div><div class="battle-history">Go! <strong>Gliscor</strong>!<br></div><div class="spacer battle-history"><br></div><div class="battle-history">The opposing Sting used <strong>Earthquake</strong>!<br></div><div class="battle-history"><small>It doesn't affect Gliscor...</small><br></div><div class="spacer battle-history"><br></div><h2 class="battle-history">Turn 74</h2><div class="spacer battle-history"><br></div><div class="battle-history">Gliscor used <strong>Roost</strong>!<br></div><div class="battle-history"><small>Gliscor had its HP restored.</small><br></div><div class="battle-history"><small>(Gliscor loses Flying type this turn.)</small><br></div><div class="spacer battle-history"><br></div><div class="battle-history">The opposing Sting used <strong>Facade</strong>!<br></div><div class="battle-history"><small>(Gliscor lost 26% of its health!)</small><br></div><div class="spacer battle-history"><br></div><h2 class="battle-history">Turn 75</h2><div class="spacer battle-history"><br></div><div class="battle-history">Gliscor used <strong>Roost</strong>!<br></div><div class="battle-history"><small>Gliscor had its HP restored.</small><br></div><div class="battle-history"><small>(Gliscor loses Flying type this turn.)</small><br></div><div class="spacer battle-history"><br></div><div class="battle-history">The opposing Sting used <strong>Swords Dance</strong>!<br></div><div class="battle-history"><small>The opposing Sting's Attack rose sharply!</small><br></div><div class="spacer battle-history"><br></div><h2 class="battle-history">Turn 76</h2><div class="spacer battle-history"><br></div><div class="battle-history">Gliscor, come back!<br></div><div class="battle-history">Go! <strong>Tangela</strong>!<br></div><div class="spacer battle-history"><br></div><div class="battle-history">The opposing Sting used <strong>Facade</strong>!<br></div><div class="battle-history"><small>(Tangela lost 40% of its health!)</small><br></div><div class="spacer battle-history"><br></div><h2 class="battle-history">Turn 77</h2><div class="spacer battle-history"><br></div><div class="battle-history">Tangela, come back!<br></div><div class="battle-history">Go! <strong>Phione</strong>!<br></div><div class="spacer battle-history"><br></div><div class="battle-history">The opposing Sting used <strong>Facade</strong>!<br></div><div class="battle-history"><small>(Phione lost 47% of its health!)</small><br></div><div class="spacer battle-history"><br></div><h2 class="battle-history">Turn 78</h2><div class="spacer battle-history"><br></div><div class="battle-history">Phione, come back!<br></div><div class="battle-history">Go! <strong>Scizor</strong>!<br></div><div class="spacer battle-history"><br></div><div class="battle-history">The opposing Sting used <strong>Facade</strong>!<br></div><div class="battle-history"><small>It's not very effective...</small><br></div><div class="battle-history"><small>(Scizor lost 29% of its health!)</small><br></div><div class="spacer battle-history"><br></div><h2 class="battle-history">Turn 79</h2><div class="spacer battle-history"><br></div><div class="battle-history">The opposing Sting used <strong>Earthquake</strong>!<br></div><div class="battle-history"><small>(Scizor lost 60% of its health!)</small><br></div><div class="spacer battle-history"><br></div><div class="battle-history">Scizor used <strong>U-turn</strong>!<br></div><div class="battle-history"><small>It's not very effective...</small><br></div><div class="battle-history"><small>(The opposing Sting lost 11% of its health!)</small><br></div><div class="battle-history"><small>Scizor restored a little HP using its Shell Bell!</small><br></div><div class="spacer battle-history"><br></div><div class="battle-history">Scizor went back to swagggod!<br></div><div class="battle-history">Go! Gallade (<strong>Gallade-Mega</strong>)!<br></div><div class="spacer battle-history"><br></div><div class="battle-history">[The opposing Sting's Poison Heal]<br><small>The opposing Sting had its HP restored.</small><br></div><div class="spacer battle-history"><br></div><h2 class="battle-history">Turn 80</h2><div class="spacer battle-history"><br></div><div class="battle-history">EeveeGirl_Star13 withdrew Sting!<br></div><div class="battle-history">EeveeGirl_Star13 sent out SlowBruh (<strong>Slowbro</strong>)!<br></div><div class="battle-history"><small>Pointed stones dug into the opposing SlowBruh!</small><br></div><div class="spacer battle-history"><br></div><div class="battle-history">Gallade used <strong>Triple Axel</strong>!<br></div><div class="battle-history"><small>It's not very effective...</small><br></div><div class="battle-history"><small>(The opposing SlowBruh lost 3% of its health!)</small><br></div><div class="battle-history"><small>It's not very effective...</small><br></div><div class="battle-history"><small>(The opposing SlowBruh lost 5% of its health!)</small><br></div><div class="battle-history"><small>It's not very effective...</small><br></div><div class="battle-history"><small>(The opposing SlowBruh lost 7% of its health!)</small><br></div><div class="battle-history"><small>The Pokémon was hit 3 times!</small><br></div><div class="spacer battle-history"><br></div><div class="battle-history"><small>The opposing SlowBruh was hurt by poison!</small><br></div><div class="spacer battle-history"><br></div><h2 class="battle-history">Turn 81</h2><div class="spacer battle-history"><br></div><div class="battle-history">Gallade, come back!<br></div><div class="battle-history">Go! <strong>Scizor</strong>!<br></div><div class="spacer battle-history"><br></div><div class="battle-history">The opposing SlowBruh used <strong>Scald</strong>!<br></div><div class="battle-history"><small>(Scizor lost 22% of its health!)</small><br></div><div class="spacer battle-history"><br></div><div class="battle-history"><small>The opposing SlowBruh was hurt by poison!</small><br></div><div class="spacer battle-history"><br></div><h2 class="battle-history">Turn 82</h2><div class="spacer battle-history"><br></div><div class="battle-history">EeveeGirl_Star13 withdrew SlowBruh!<br></div><div class="battle-history">EeveeGirl_Star13 sent out Sting (<strong>Gliscor</strong>)!<br></div><div class="battle-history"><small>Pointed stones dug into the opposing Sting!</small><br></div><div class="spacer battle-history"><br></div><div class="battle-history">Scizor used <strong>Roost</strong>!<br></div><div class="battle-history"><small>Scizor had its HP restored.</small><br></div><div class="spacer battle-history"><br></div><div class="battle-history">[The opposing Sting's Poison Heal]<br><small>The opposing Sting had its HP restored.</small><br></div><div class="spacer battle-history"><br></div><h2 class="battle-history">Turn 83</h2><div class="spacer battle-history"><br></div><div class="battle-history">The opposing Sting used <strong>Swords Dance</strong>!<br></div><div class="battle-history"><small>The opposing Sting's Attack rose sharply!</small><br></div><div class="spacer battle-history"><br></div><div class="battle-history">Scizor used <strong>Roost</strong>!<br></div><div class="battle-history"><small>Scizor had its HP restored.</small><br></div><div class="spacer battle-history"><br></div><h2 class="battle-history">Turn 84</h2><div class="spacer battle-history"><br></div><div class="battle-history">The opposing Sting used <strong>Earthquake</strong>!<br></div><div class="battle-history"><small>(Scizor lost 66% of its health!)</small><br></div><div class="spacer battle-history"><br></div><div class="battle-history">Scizor used <strong>U-turn</strong>!<br></div><div class="battle-history"><small>It's not very effective...</small><br></div><div class="battle-history"><small>(The opposing Sting lost 11% of its health!)</small><br></div><div class="battle-history"><small>Scizor restored a little HP using its Shell Bell!</small><br></div><div class="spacer battle-history"><br></div><div class="battle-history">Scizor went back to swagggod!<br></div><div class="battle-history">Go! Gallade (<strong>Gallade-Mega</strong>)!<br></div><div class="spacer battle-history"><br></div><div class="battle-history">[The opposing Sting's Poison Heal]<br><small>The opposing Sting had its HP restored.</small><br></div><div class="spacer battle-history"><br></div><h2 class="battle-history">Turn 85</h2><div class="chat"><small>+Bobsican joined</small></div><div class="spacer battle-history"><br></div><div class="battle-history">EeveeGirl_Star13 withdrew Sting!<br></div><div class="battle-history">EeveeGirl_Star13 sent out SlowBruh (<strong>Slowbro</strong>)!<br></div><div class="battle-history"><small>Pointed stones dug into the opposing SlowBruh!</small><br></div><div class="spacer battle-history"><br></div><div class="battle-history">Gallade used <strong>Swords Dance</strong>!<br></div><div class="battle-history"><small>Gallade's Attack rose sharply!</small><br></div><div class="spacer battle-history"><br></div><div class="battle-history"><small>The opposing SlowBruh was hurt by poison!</small><br></div><div class="spacer battle-history"><br></div><h2 class="battle-history">Turn 86</h2><div class="spacer battle-history"><br></div><div class="battle-history">Gallade, come back!<br></div><div class="battle-history">Go! <strong>Scizor</strong>!<br></div><div class="spacer battle-history"><br></div><div class="battle-history">The opposing SlowBruh used <strong>Scald</strong>!<br></div><div class="battle-history"><small>(Scizor lost 21% of its health!)</small><br></div><div class="spacer battle-history"><br></div><div class="battle-history"><small>The opposing SlowBruh was hurt by poison!</small><br></div><div class="spacer battle-history"><br></div><h2 class="battle-history">Turn 87</h2><div class="spacer battle-history"><br></div><div class="battle-history">EeveeGirl_Star13 withdrew SlowBruh!<br></div><div class="battle-history">EeveeGirl_Star13 sent out Sting (<strong>Gliscor</strong>)!<br></div><div class="battle-history"><small>Pointed stones dug into the opposing Sting!</small><br></div><div class="spacer battle-history"><br></div><div class="battle-history">Scizor used <strong>Roost</strong>!<br></div><div class="battle-history"><small>Scizor had its HP restored.</small><br></div><div class="spacer battle-history"><br></div><div class="battle-history">[The opposing Sting's Poison Heal]<br><small>The opposing Sting had its HP restored.</small><br></div><div class="spacer battle-history"><br></div><h2 class="battle-history">Turn 88</h2><div class="spacer battle-history"><br></div><div class="battle-history">The opposing Sting used <strong>Earthquake</strong>!<br></div><div class="battle-history"><small>(Scizor lost 33% of its health!)</small><br></div><div class="spacer battle-history"><br></div><div class="battle-history">Scizor used <strong>U-turn</strong>!<br></div><div class="battle-history"><small>It's not very effective...</small><br></div><div class="battle-history"><small>(The opposing Sting lost 11% of its health!)</small><br></div><div class="battle-history"><small>Scizor restored a little HP using its Shell Bell!</small><br></div><div class="spacer battle-history"><br></div><div class="battle-history">Scizor went back to swagggod!<br></div><div class="battle-history">Go! Gallade (<strong>Gallade-Mega</strong>)!<br></div><div class="spacer battle-history"><br></div><div class="battle-history">[The opposing Sting's Poison Heal]<br><small>The opposing Sting had its HP restored.</small><br></div><div class="spacer battle-history"><br></div><h2 class="battle-history">Turn 89</h2><div class="spacer battle-history"><br></div><div class="battle-history">EeveeGirl_Star13 withdrew Sting!<br></div><div class="battle-history">EeveeGirl_Star13 sent out Pride month!!! (<strong>Alcremie-Rainbow-Swirl</strong>)!<br></div><div class="battle-history">[The opposing Pride month!!!'s Power of Alchemy]<br></div><div class="battle-history"><small>Pointed stones dug into the opposing Pride month!!!!</small><br></div><div class="spacer battle-history"><br></div><div class="battle-history">Gallade used <strong>Triple Axel</strong>!<br></div><div class="battle-history"><small>(The opposing Pride month!!! lost 7% of its health!)</small><br></div><div class="battle-history"><small>(The opposing Pride month!!! lost 15% of its health!)</small><br></div><div class="battle-history"><small>(The opposing Pride month!!! lost 22% of its health!)</small><br></div><div class="battle-history"><small>The Pokémon was hit 3 times!</small><br></div><div class="spacer battle-history"><br></div><div class="battle-history">[The opposing Pride month!!!'s Power of Alchemy (Alcremie)]<br><small>The opposing Pride month!!! had its HP restored.</small><br></div><div class="spacer battle-history"><br></div><h2 class="battle-history">Turn 90</h2><div class="spacer battle-history"><br></div><div class="battle-history">Gallade used <strong>Zen Headbutt</strong>!<br></div><div class="battle-history"><small>(The opposing Pride month!!! lost 38% of its health!)</small><br></div><div class="spacer battle-history"><br></div><div class="battle-history">The opposing Pride month!!! fainted!<br></div><div class="spacer battle-history"><br></div><div class="battle-history">EeveeGirl_Star13 sent out gun (<strong>Dragapult</strong>)!<br></div><div class="battle-history"><small>Pointed stones dug into the opposing gun!</small><br></div><div class="spacer battle-history"><br></div><h2 class="battle-history">Turn 91</h2><div class="spacer battle-history"><br></div><div class="battle-history">Gallade, come back!<br></div><div class="battle-history">Go! <strong>Tangela</strong>!<br></div><div class="spacer battle-history"><br></div><div class="battle-history">The opposing gun used <strong>Shadow Ball</strong>!<br></div><div class="battle-history"><small>(Tangela lost 65% of its health!)</small><br></div><div class="spacer battle-history"><br></div><div class="battle-history">Tangela fainted!<br></div><div class="spacer battle-history"><br></div><div class="battle-history">Go! <strong>Heatran</strong>!<br></div><div class="spacer battle-history"><br></div><h2 class="battle-history">Turn 92</h2><div class="spacer battle-history"><br></div><div class="battle-history">The opposing gun used <strong>Shadow Ball</strong>!<br></div><div class="battle-history"><small>(Heatran lost 45% of its health!)</small><br></div><div class="spacer battle-history"><br></div><div class="battle-history">Heatran used <strong>Toxic</strong>!<br></div><div class="battle-history"><small>The opposing gun was badly poisoned!</small><br></div><div class="spacer battle-history"><br></div><div class="battle-history"><small>The opposing gun was hurt by poison!</small><br></div><div class="spacer battle-history"><br></div><h2 class="battle-history">Turn 93</h2><div class="spacer battle-history"><br></div><div class="battle-history">Heatran, come back!<br></div><div class="battle-history">Go! <strong>Phione</strong>!<br></div><div class="spacer battle-history"><br></div><div class="battle-history">The opposing gun used <strong>Shadow Ball</strong>!<br></div><div class="battle-history"><small>(Phione lost 27% of its health!)</small><br></div><div class="spacer battle-history"><br></div><div class="battle-history">Phione fainted!<br></div><div class="spacer battle-history"><br></div><div class="battle-history"><small>The opposing gun was hurt by poison!</small><br></div><div class="spacer battle-history"><br></div><div class="battle-history">Go! <strong>Gliscor</strong>!<br></div><div class="spacer battle-history"><br></div><h2 class="battle-history">Turn 94</h2><div class="spacer battle-history"><br></div><div class="battle-history">The opposing gun used <strong>Shadow Ball</strong>!<br></div><div class="battle-history"><small>(Gliscor lost 64% of its health!)</small><br></div><div class="battle-history"><small>Gliscor's Sp. Def fell!</small><br></div><div class="spacer battle-history"><br></div><div class="battle-history">Gliscor used <strong>Roost</strong>!<br></div><div class="battle-history"><small>Gliscor had its HP restored.</small><br></div><div class="battle-history"><small>(Gliscor loses Flying type this turn.)</small><br></div><div class="spacer battle-history"><br></div><div class="battle-history"><small>The opposing gun was hurt by poison!</small><br></div><div class="spacer battle-history"><br></div><h2 class="battle-history">Turn 95</h2><div class="chat chatmessage-eeveegirlstar13"><strong style="color:#9d50be"><small>☆</small><span class="username" data-name="EeveeGirl_Star13">EeveeGirl_Star13</span>:</strong> <em>sry</em></div><div class="chat chatmessage-bobsican"><strong style="color:#b30ed8"><small>+</small><span class="username" data-name="Bobsican">Bobsican</span>:</strong> <em>:eyes:</em></div><div class="spacer battle-history"><br></div><div class="battle-history">The opposing gun used <strong>Shadow Ball</strong>!<br></div><div class="battle-history"><small>(Gliscor lost 71% of its health!)</small><br></div><div class="spacer battle-history"><br></div><div class="battle-history">Gliscor fainted!<br></div><div class="spacer battle-history"><br></div><div class="battle-history"><small>The opposing gun was hurt by poison!</small><br></div><div class="spacer battle-history"><br></div><div class="battle-history">Go! <strong>Scizor</strong>!<br></div><div class="spacer battle-history"><br></div><h2 class="battle-history">Turn 96</h2><div class="spacer battle-history"><br></div><div class="battle-history">The opposing gun used <strong>Shadow Ball</strong>!<br></div><div class="battle-history"><small>(Scizor lost 45% of its health!)</small><br></div><div class="spacer battle-history"><br></div><div class="battle-history">Scizor used <strong>Roost</strong>!<br></div><div class="battle-history"><small>Scizor had its HP restored.</small><br></div><div class="spacer battle-history"><br></div><div class="battle-history"><small>The opposing gun was hurt by poison!</small><br></div><div class="spacer battle-history"><br></div><div class="battle-history">The opposing gun fainted!<br></div><div class="spacer battle-history"><br></div><div class="battle-history">EeveeGirl_Star13 sent out Sting (<strong>Gliscor</strong>)!<br></div><div class="battle-history"><small>Pointed stones dug into the opposing Sting!</small><br></div><div class="spacer battle-history"><br></div><h2 class="battle-history">Turn 97</h2><div class="spacer battle-history"><br></div><div class="battle-history">The opposing Sting used <strong>Swords Dance</strong>!<br></div><div class="battle-history"><small>The opposing Sting's Attack rose sharply!</small><br></div><div class="spacer battle-history"><br></div><div class="battle-history">Scizor used <strong>Roost</strong>!<br></div><div class="battle-history"><small>Scizor had its HP restored.</small><br></div><div class="spacer battle-history"><br></div><div class="battle-history">[The opposing Sting's Poison Heal]<br><small>The opposing Sting had its HP restored.</small><br></div><div class="spacer battle-history"><br></div><h2 class="battle-history">Turn 98</h2><div class="spacer battle-history"><br></div><div class="battle-history">The opposing Sting used <strong>Earthquake</strong>!<br></div><div class="battle-history"><small>(Scizor lost 62% of its health!)</small><br></div><div class="spacer battle-history"><br></div><div class="battle-history">Scizor used <strong>U-turn</strong>!<br></div><div class="battle-history"><small>It's not very effective...</small><br></div><div class="battle-history"><small>(The opposing Sting lost 11% of its health!)</small><br></div><div class="battle-history"><small>Scizor restored a little HP using its Shell Bell!</small><br></div><div class="spacer battle-history"><br></div><div class="battle-history">Scizor went back to swagggod!<br></div><div class="battle-history">Go! Gallade (<strong>Gallade-Mega</strong>)!<br></div><div class="spacer battle-history"><br></div><div class="battle-history">[The opposing Sting's Poison Heal]<br><small>The opposing Sting had its HP restored.</small><br></div><div class="spacer battle-history"><br></div><h2 class="battle-history">Turn 99</h2><div class="spacer battle-history"><br></div><div class="battle-history">EeveeGirl_Star13 withdrew Sting!<br></div><div class="battle-history">EeveeGirl_Star13 sent out No no square (<strong>Ferrothorn</strong>)!<br></div><div class="battle-history"><small>Pointed stones dug into the opposing No no square!</small><br></div><div class="spacer battle-history"><br></div><div class="battle-history">Gallade used <strong>Close Combat</strong>!<br></div><div class="battle-history"><small>It's super effective!</small><br></div><div class="battle-history"><small>(The opposing No no square lost 66% of its health!)</small><br></div><div class="battle-history"><small>Gallade's Defense fell!</small><br></div><div class="battle-history"><small>Gallade's Sp. Def fell!</small><br></div><div class="battle-history">[The opposing No no square's Iron Barbs]<br><small>Gallade was hurt!</small><br></div><div class="spacer battle-history"><br></div><div class="battle-history">The opposing No no square fainted!<br></div><div class="spacer battle-history"><br></div><div class="battle-history">EeveeGirl_Star13 sent out Shattered (<strong>Weavile</strong>)!<br></div><div class="battle-history"><small>Pointed stones dug into the opposing Shattered!</small><br></div><div class="spacer battle-history"><br></div><h2 class="battle-history">Turn 100</h2><div class="spacer battle-history"><br></div><div class="battle-history">Gallade, come back!<br></div><div class="battle-history">Go! <strong>Heatran</strong>!<br></div><div class="spacer battle-history"><br></div><div class="battle-history">The opposing Shattered used <strong>Ice Shard</strong>!<br></div><div class="battle-history"><small>It's not very effective...</small><br></div><div class="battle-history"><small>(Heatran lost 4% of its health!)</small><br></div><div class="spacer battle-history"><br></div><h2 class="battle-history">Turn 101</h2><div class="spacer battle-history"><br></div><div class="battle-history">The opposing Shattered used <strong>Knock Off</strong>!<br></div><div class="battle-history"><small>(Heatran lost 20% of its health!)</small><br></div><div class="spacer battle-history"><br></div><div class="battle-history">Heatran fainted!<br></div><div class="battle-history">[The opposing Shattered's Scavenge]<br></div><div class="battle-history"><small>The opposing Shattered had its HP restored.</small><br></div><div class="spacer battle-history"><br></div><div class="battle-history">Go! <strong>Scizor</strong>!<br></div><div class="spacer battle-history"><br></div><h2 class="battle-history">Turn 102</h2><div class="spacer battle-history"><br></div><div class="battle-history">EeveeGirl_Star13 withdrew Shattered!<br></div><div class="battle-history">EeveeGirl_Star13 sent out Sting (<strong>Gliscor</strong>)!<br></div><div class="battle-history"><small>Pointed stones dug into the opposing Sting!</small><br></div><div class="spacer battle-history"><br></div><div class="battle-history">Scizor used <strong>Roost</strong>!<br></div><div class="battle-history"><small>Scizor had its HP restored.</small><br></div><div class="spacer battle-history"><br></div><div class="battle-history">[The opposing Sting's Poison Heal]<br><small>The opposing Sting had its HP restored.</small><br></div><div class="spacer battle-history"><br></div><h2 class="battle-history">Turn 103</h2><div class="spacer battle-history"><br></div><div class="battle-history">The opposing Sting used <strong>Swords Dance</strong>!<br></div><div class="battle-history"><small>The opposing Sting's Attack rose sharply!</small><br></div><div class="spacer battle-history"><br></div><div class="battle-history">Scizor used <strong>U-turn</strong>!<br></div><div class="battle-history"><small>It's not very effective...</small><br></div><div class="battle-history"><small>(The opposing Sting lost 11% of its health!)</small><br></div><div class="battle-history"><small>Scizor restored a little HP using its Shell Bell!</small><br></div><div class="spacer battle-history"><br></div><div class="battle-history">Scizor went back to swagggod!<br></div><div class="battle-history">Go! Gallade (<strong>Gallade-Mega</strong>)!<br></div><div class="spacer battle-history"><br></div><div class="battle-history">[The opposing Sting's Poison Heal]<br><small>The opposing Sting had its HP restored.</small><br></div><div class="spacer battle-history"><br></div><h2 class="battle-history">Turn 104</h2><div class="spacer battle-history"><br></div><div class="battle-history">EeveeGirl_Star13 withdrew Sting!<br></div><div class="battle-history">EeveeGirl_Star13 sent out SlowBruh (<strong>Slowbro</strong>)!<br></div><div class="battle-history"><small>Pointed stones dug into the opposing SlowBruh!</small><br></div><div class="spacer battle-history"><br></div><div class="battle-history">Gallade used <strong>Triple Axel</strong>!<br></div><div class="battle-history"><small>It's not very effective...</small><br></div><div class="battle-history"><small>(The opposing SlowBruh lost 3% of its health!)</small><br></div><div class="battle-history"><small>It's not very effective...</small><br></div><div class="battle-history"><small>(The opposing SlowBruh lost 5% of its health!)</small><br></div><div class="battle-history"><small>It's not very effective...</small><br></div><div class="battle-history"><small>A critical hit!</small><br></div><div class="battle-history"><small>(The opposing SlowBruh lost 11% of its health!)</small><br></div><div class="battle-history"><small>The Pokémon was hit 3 times!</small><br></div><div class="spacer battle-history"><br></div><div class="battle-history"><small>The opposing SlowBruh was hurt by poison!</small><br></div><div class="spacer battle-history"><br></div><h2 class="battle-history">Turn 105</h2><div class="spacer battle-history"><br></div><div class="battle-history">Gallade, come back!<br></div><div class="battle-history">Go! <strong>Scizor</strong>!<br></div><div class="spacer battle-history"><br></div><div class="battle-history"><small>The opposing SlowBruh's Slowbronite is reacting to the Key Stone!</small><br>The opposing SlowBruh has Mega Evolved into Mega Slowbro!<br></div><div class="chat"><ul class="utilichart"><li class="result"><span class="col pokemonnamecol" style="white-space: nowrap">Slowbro-Mega</span> <span class="col typecol"><img src="https://dragonheaven.herokuapp.com/sprites/types/Water.png" alt="Water" height="14" width="32"><img src="https://dragonheaven.herokuapp.com/sprites/types/Psychic.png" alt="Psychic" height="14" width="32"></span> <span style="float: left ; min-height: 26px"><span class="col abilitycol">Prickly Coat</span><span class="col abilitycol"></span></span><span style="float: left ; min-height: 26px"><span class="col statcol"><em>HP</em><br>95</span> <span class="col statcol"><em>Atk</em><br>75</span> <span class="col statcol"><em>Def</em><br>180</span> <span class="col statcol"><em>SpA</em><br>130</span> <span class="col statcol"><em>SpD</em><br>80</span> <span class="col statcol"><em>Spe</em><br>30</span> </span></li><li style="clear: both"></li></ul></div><div class="spacer battle-history"><br></div><div class="battle-history">The opposing SlowBruh used <strong>Scald</strong>!<br></div><div class="battle-history"><small>(Scizor lost 29% of its health!)</small><br></div><div class="battle-history"><small>Scizor was burned!</small><br></div><div class="spacer battle-history"><br></div><div class="battle-history"><small>Scizor was hurt by its burn!</small><br></div><div class="battle-history"><small>The opposing SlowBruh was hurt by poison!</small><br></div><div class="spacer battle-history"><br></div><h2 class="battle-history">Turn 106</h2><div class="spacer battle-history"><br></div><div class="battle-history">Scizor used <strong>Roost</strong>!<br></div><div class="battle-history"><small>Scizor had its HP restored.</small><br></div><div class="spacer battle-history"><br></div><div class="battle-history">The opposing SlowBruh used <strong>Slack Off</strong>!<br></div><div class="battle-history"><small>The opposing SlowBruh had its HP restored.</small><br></div><div class="spacer battle-history"><br></div><div class="battle-history"><small>Scizor was hurt by its burn!</small><br></div><div class="battle-history"><small>The opposing SlowBruh was hurt by poison!</small><br></div><div class="spacer battle-history"><br></div><h2 class="battle-history">Turn 107</h2><div class="spacer battle-history"><br></div><div class="battle-history">Scizor used <strong>Bullet Punch</strong>!<br></div><div class="battle-history"><small>It's not very effective...</small><br></div><div class="battle-history"><small>(The opposing SlowBruh lost 3% of its health!)</small><br></div><div class="battle-history">[The opposing SlowBruh's Prickly Coat]<br></div><div class="battle-history"><small>Spikes were scattered on the ground all around your team!</small><br></div><div class="battle-history"><small>Scizor restored a little HP using its Shell Bell!</small><br></div><div class="spacer battle-history"><br></div><div class="battle-history">The opposing SlowBruh used <strong>Scald</strong>!<br></div><div class="battle-history"><small>A critical hit!</small><br></div><div class="battle-history"><small>(Scizor lost 39% of its health!)</small><br></div><div class="spacer battle-history"><br></div><div class="battle-history"><small>Scizor was hurt by its burn!</small><br></div><div class="battle-history"><small>The opposing SlowBruh was hurt by poison!</small><br></div><div class="spacer battle-history"><br></div><h2 class="battle-history">Turn 108</h2><div class="chat chatmessage-swagggod"><strong style="color:#2e8d9e"><small>☆</small><span class="username" data-name="swagggod">swagggod</span>:</strong> <em>wait</em></div><div class="chat chatmessage-eeveegirlstar13"><strong style="color:#9d50be"><small>☆</small><span class="username" data-name="EeveeGirl_Star13">EeveeGirl_Star13</span>:</strong> <em>hm?</em></div><div class="chat chatmessage-swagggod"><strong style="color:#2e8d9e"><small>☆</small><span class="username" data-name="swagggod">swagggod</span>:</strong> <em>why is that a thing lol</em></div><div class="spacer battle-history"><br></div><div class="battle-history">Scizor used <strong>Roost</strong>!<br></div><div class="battle-history"><small>Scizor had its HP restored.</small><br></div><div class="spacer battle-history"><br></div><div class="battle-history">The opposing SlowBruh used <strong>Scald</strong>!<br></div><div class="battle-history"><small>(Scizor lost 28% of its health!)</small><br></div><div class="spacer battle-history"><br></div><div class="battle-history"><small>Scizor was hurt by its burn!</small><br></div><div class="battle-history"><small>The opposing SlowBruh was hurt by poison!</small><br></div><div class="spacer battle-history"><br></div><h2 class="battle-history">Turn 109</h2><div class="chat chatmessage-eeveegirlstar13"><strong style="color:#9d50be"><small>☆</small><span class="username" data-name="EeveeGirl_Star13">EeveeGirl_Star13</span>:</strong> <em>idk lol</em></div><div class="chat"><small>+Gekokeso joined</small></div><div class="chat chatmessage-eeveegirlstar13"><strong style="color:#9d50be"><small>☆</small><span class="username" data-name="EeveeGirl_Star13">EeveeGirl_Star13</span>:</strong> <em>but it’s cool</em></div><div class="spacer battle-history"><br></div><div class="battle-history">Scizor used <strong>U-turn</strong>!<br></div><div class="battle-history"><small>It's super effective!</small><br></div><div class="battle-history"><small>(The opposing SlowBruh lost 11% of its health!)</small><br></div><div class="battle-history">[The opposing SlowBruh's Prickly Coat]<br></div><div class="battle-history"><small>Spikes were scattered on the ground all around your team!</small><br></div><div class="battle-history"><small>Scizor restored a little HP using its Shell Bell!</small><br></div><div class="chat chatmessage-bobsican"><strong style="color:#b30ed8"><small>+</small><span class="username" data-name="Bobsican">Bobsican</span>:</strong> <em>Funny on paper thing</em></div><div class="spacer battle-history"><br></div><div class="battle-history">Scizor went back to swagggod!<br></div><div class="battle-history">Go! Gallade (<strong>Gallade-Mega</strong>)!<br></div><div class="battle-history"><small>Gallade was hurt by the spikes!</small><br></div><div class="spacer battle-history"><br></div><div class="battle-history">Gallade fainted!<br></div><div class="battle-history">The opposing SlowBruh used <strong>Scald</strong>!<br></div><div class="battle-history"><small>But it failed!</small><br></div><div class="spacer battle-history"><br></div><div class="battle-history"><small>The opposing SlowBruh was hurt by poison!</small><br></div><div class="spacer battle-history"><br></div><div class="battle-history">The opposing SlowBruh fainted!<br></div><div class="chat chatmessage-gekokeso"><strong style="color:#9b940e"><small>+</small><span class="username" data-name="Gekokeso">Gekokeso</span>:</strong> <em>Eevee did you not read what prickly coat was before the match?</em></div><div class="spacer battle-history"><br></div><div class="battle-history">Go! <strong>Scizor</strong>!<br></div><div class="spacer battle-history"><br></div><div class="battle-history">EeveeGirl_Star13 sent out Sting (<strong>Gliscor</strong>)!<br></div><div class="battle-history"><small>Pointed stones dug into the opposing Sting!</small><br></div><div class="battle-history"><small>Scizor was hurt by the spikes!</small><br></div><div class="spacer battle-history"><br></div><h2 class="battle-history">Turn 110</h2><div class="chat chatmessage-eeveegirlstar13"><strong style="color:#9d50be"><small>☆</small><span class="username" data-name="EeveeGirl_Star13">EeveeGirl_Star13</span>:</strong> <em>Oh no I know what it does</em></div><div class="chat"><small>+moretto left</small></div><div class="spacer battle-history"><br></div><div class="battle-history">The opposing Sting used <strong>Swords Dance</strong>!<br></div><div class="battle-history"><small>The opposing Sting's Attack rose sharply!</small><br></div><div class="spacer battle-history"><br></div><div class="battle-history">Scizor used <strong>Roost</strong>!<br></div><div class="battle-history"><small>Scizor had its HP restored.</small><br></div><div class="spacer battle-history"><br></div><div class="battle-history">[The opposing Sting's Poison Heal]<br><small>The opposing Sting had its HP restored.</small><br></div><div class="battle-history"><small>Scizor was hurt by its burn!</small><br></div><div class="spacer battle-history"><br></div><h2 class="battle-history">Turn 111</h2><div class="spacer battle-history"><br></div><div class="battle-history"><small>swagggod forfeited.</small><br></div><div class="spacer battle-history"><br></div><div class="battle-history"><strong>EeveeGirl_Star13</strong> won the battle!<br></div><div class="chat chatmessage-beafcultist"><strong style="color:#3ab7b9"><small>+</small><span class="username" data-name="Beaf Cultist">Beaf Cultist</span>:</strong> <em>wait</em></div><div class="chat"><small>☆swagggod left</small></div><div class="chat chatmessage-eeveegirlstar13"><strong style="color:#9d50be"><small>☆</small><span class="username" data-name="EeveeGirl_Star13">EeveeGirl_Star13</span>:</strong> <em>Spikes, and tspikes if hit by poison move</em></div><div class="chat"><small>+ZCopen left</small></div><div class="chat chatmessage-eeveegirlstar13"><strong style="color:#9d50be"><small>☆</small><span class="username" data-name="EeveeGirl_Star13">EeveeGirl_Star13</span>:</strong> <em>Ggwp</em></div><div class="chat chatmessage-beafcultist"><strong style="color:#3ab7b9"><small>+</small><span class="username" data-name="Beaf Cultist">Beaf Cultist</span>:</strong> <em>just realized the significance of megaing there</em></div><div class="chat chatmessage-bobsican"><strong style="color:#b30ed8"><small>+</small><span class="username" data-name="Bobsican">Bobsican</span>:</strong> <em>Or if the user is Poison type it also sets TSpikes anyways</em></div><div class="chat chatmessage-eeveegirlstar13"><strong style="color:#9d50be"><small>☆</small><span class="username" data-name="EeveeGirl_Star13">EeveeGirl_Star13</span>:</strong> <em>oh yeah</em></div><div class="chat chatmessage-beafcultist"><strong style="color:#3ab7b9"><small>+</small><span class="username" data-name="Beaf Cultist">Beaf Cultist</span>:</strong> <em>5head play</em></div><div class="chat"><small>+Beaf Cultist left</small></div><div class="chat chatmessage-bobsican"><strong style="color:#b30ed8"><small>+</small><span class="username" data-name="Bobsican">Bobsican</span>:</strong> <em>But yeah, going mega was a good play here to indirectly nuke M-Gallade</em></div><div class="chat chatmessage-eeveegirlstar13"><strong style="color:#9d50be"><small>☆</small><span class="username" data-name="EeveeGirl_Star13">EeveeGirl_Star13</span>:</strong> <em>lol ty</em></div><div class="chat chatmessage-gekokeso"><strong style="color:#9b940e"><small>+</small><span class="username" data-name="Gekokeso">Gekokeso</span>:</strong> <em>Good job Eevee</em></div><div class="chat"><small>+Bobsican, +Gekokeso, and ☆EeveeGirl_Star13 left</small></div></div><div class="inner-preempt message-log"></div></div></div>
</div>
<script>
let daily = Math.floor(Date.now()/1000/60/60/24);document.write('<script src="http://petmodsdh.com/js/replay-embed.js?version'+daily+'"></'+'script>');
</script>
