<!DOCTYPE html>
<meta charset="utf-8" />
<!-- version 1 -->
<title>[Gen 8] Megas for All replay: take the sight vs. ASnomPlaysShowdown</title>
<style>
html,body {font-family:Verdana, sans-serif;font-size:10pt;margin:0;padding:0;}body{padding:12px 0;} .battle-log {font-family:Verdana, sans-serif;font-size:10pt;} .battle-log-inline {border:1px solid #AAAAAA;background:#EEF2F5;color:black;max-width:640px;margin:0 auto 80px;padding-bottom:5px;} .battle-log .inner {padding:4px 8px 0px 8px;} .battle-log .inner-preempt {padding:0 8px 4px 8px;} .battle-log .inner-after {margin-top:0.5em;} .battle-log h2 {margin:0.5em -8px;padding:4px 8px;border:1px solid #AAAAAA;background:#E0E7EA;border-left:0;border-right:0;font-family:Verdana, sans-serif;font-size:13pt;} .battle-log .chat {vertical-align:middle;padding:3px 0 3px 0;font-size:8pt;} .battle-log .chat strong {color:#40576A;} .battle-log .chat em {padding:1px 4px 1px 3px;color:#000000;font-style:normal;} .chat.mine {background:rgba(0,0,0,0.05);margin-left:-8px;margin-right:-8px;padding-left:8px;padding-right:8px;} .spoiler {color:#BBBBBB;background:#BBBBBB;padding:0px 3px;} .spoiler:hover, .spoiler:active, .spoiler-shown {color:#000000;background:#E2E2E2;padding:0px 3px;} .spoiler a {color:#BBBBBB;} .spoiler:hover a, .spoiler:active a, .spoiler-shown a {color:#2288CC;} .chat code, .chat .spoiler:hover code, .chat .spoiler:active code, .chat .spoiler-shown code {border:1px solid #C0C0C0;background:#EEEEEE;color:black;padding:0 2px;} .chat .spoiler code {border:1px solid #CCCCCC;background:#CCCCCC;color:#CCCCCC;} .battle-log .rated {padding:3px 4px;} .battle-log .rated strong {color:white;background:#89A;padding:1px 4px;border-radius:4px;} .spacer {margin-top:0.5em;} .message-announce {background:#6688AA;color:white;padding:1px 4px 2px;} .message-announce a, .broadcast-green a, .broadcast-blue a, .broadcast-red a {color:#DDEEFF;} .broadcast-green {background-color:#559955;color:white;padding:2px 4px;} .broadcast-blue {background-color:#6688AA;color:white;padding:2px 4px;} .infobox {border:1px solid #6688AA;padding:2px 4px;} .infobox-limited {max-height:200px;overflow:auto;overflow-x:hidden;} .broadcast-red {background-color:#AA5544;color:white;padding:2px 4px;} .message-learn-canlearn {font-weight:bold;color:#228822;text-decoration:underline;} .message-learn-cannotlearn {font-weight:bold;color:#CC2222;text-decoration:underline;} .message-effect-weak {font-weight:bold;color:#CC2222;} .message-effect-resist {font-weight:bold;color:#6688AA;} .message-effect-immune {font-weight:bold;color:#666666;} .message-learn-list {margin-top:0;margin-bottom:0;} .message-throttle-notice, .message-error {color:#992222;} .message-overflow, .chat small.message-overflow {font-size:0pt;} .message-overflow::before {font-size:9pt;content:'...';} .subtle {color:#3A4A66;}
</style>
<div class="wrapper replay-wrapper" style="max-width:1180px;margin:0 auto">
<input type="hidden" name="replayid" value="dragonheaven-gen8megasforall-59-jixt3nf8u2o5w9hhwii87jvqpv2o3uwpw" />
<div class="battle"></div><div class="battle-log"></div><div class="replay-controls"></div><div class="replay-controls-2"></div>
<h1 style="font-weight:normal;text-align:center"><strong>[Gen 8] Megas for All</strong><br /><a href="http://pokemonshowdown.com/users/takethesight" class="subtle" target="_blank">take the sight</a> vs. <a href="http://pokemonshowdown.com/users/asnomplaysshowdown" class="subtle" target="_blank">ASnomPlaysShowdown</a></h1>
<script type="text/plain" class="battle-log-data">|j|☆take the sight
|j|☆ASnomPlaysShowdown
|t:|1654394249
|player|p1|take the sight|flannery|
|player|p2|ASnomPlaysShowdown|acetrainer|
|teamsize|p1|6
|teamsize|p2|6
|gametype|singles
|gen|8
|tier|[Gen 8] Megas for All
|clearpoke
|poke|p1|Silvally-*|
|poke|p1|Tapu Koko|
|poke|p1|Tornadus-Therian, M|
|poke|p1|Hawlucha, F|
|poke|p1|Serperior, M|
|poke|p1|Kommo-o, F|
|poke|p2|Lycanroc, F|
|poke|p2|Greninja, M|
|poke|p2|Zapdos|
|poke|p2|Slowking-Galar, F|
|poke|p2|Tapu Fini|
|poke|p2|Gliscor, M|
|rule|HP Percentage Mod: HP is shown in percentages
|rule|Endless Battle Clause: Forcing endless battles is banned
|rule|OHKO Clause: OHKO moves are banned
|rule|Evasion Moves Clause: Evasion moves are banned
|rule|Species Clause: Limit one of each Pokémon
|rule|Dynamax Clause: You cannot dynamax
|rule|Sleep Clause Mod: Limit one foe put to sleep
|rule|Freeze Clause Mod: Limit one foe frozen
|raw|<img src="https:\/\/raw.githubusercontent.com\/scoopapa\/DH\/master\/data\/mods\/m4av6\/sprites\/m4a_banner.png" height="65" width="381">
|-message|Welcome to Megas for All!
|-message|This is a National Dex-based format where we aim to give a new Mega Evolution to every Pokémon.
|-message|Just like any official format, you can still only Mega Evolve one Pokémon per team!
|-message|You can find our thread and metagame resources here:
|-message|https:\/\/www.smogon.com\/forums\/threads\/3671140\/
|teampreview
|j|+EeveeGirl1380
|
|t:|1654394302
|start
|switch|p1a: MISTSPLITTER|Tapu Koko|100\/100
|switch|p2a: Zapdos|Zapdos|100\/100
|-fieldstart|move: Electric Terrain|[from] ability: Electric Surge|[of] p1a: MISTSPLITTER
|turn|1
|inactive|Battle timer is ON: inactive players will automatically lose when time's up. (requested by take the sight)
|
|t:|1654394357
|move|p1a: MISTSPLITTER|Taunt|p2a: Zapdos
|-start|p2a: Zapdos|move: Taunt
|move|p2a: Zapdos|Discharge|p1a: MISTSPLITTER
|-resisted|p1a: MISTSPLITTER
|-damage|p1a: MISTSPLITTER|75\/100
|
|upkeep
|turn|2
|
|t:|1654394372
|switch|p2a: Gliscor|Gliscor, M|100\/100
|move|p1a: MISTSPLITTER|Light Screen|p1a: MISTSPLITTER
|-sidestart|p1: take the sight|move: Light Screen
|
|-status|p2a: Gliscor|tox|[from] item: Toxic Orb
|upkeep
|turn|3
|j|~scoopapa

|
|t:|1654394387
|move|p1a: MISTSPLITTER|U-turn|p2a: Gliscor
|-resisted|p2a: Gliscor
|-damage|p2a: Gliscor|93\/100 tox
|
|t:|1654394390
|switch|p1a: AQUILA FAVONIA|Hawlucha, F|100\/100|[from]move: U-turn
|-enditem|p1a: AQUILA FAVONIA|Electric Seed
|-boost|p1a: AQUILA FAVONIA|def|1|[from] item: Electric Seed
|move|p2a: Gliscor|Earthquake|p1a: AQUILA FAVONIA
|-immune|p1a: AQUILA FAVONIA
|
|-heal|p2a: Gliscor|100\/100 tox|[from] ability: Poison Heal
|upkeep
|turn|4
|
|t:|1654394397
|move|p1a: AQUILA FAVONIA|Swords Dance|p1a: AQUILA FAVONIA
|-boost|p1a: AQUILA FAVONIA|atk|2
|move|p2a: Gliscor|U-turn|p1a: AQUILA FAVONIA
|-resisted|p1a: AQUILA FAVONIA
|-damage|p1a: AQUILA FAVONIA|97\/100
|
|t:|1654394417
|switch|p2a: Zapdos|Zapdos|100\/100|[from]move: U-turn
|
|upkeep
|turn|5
|j|+Gekokeso
|inactive|ASnomPlaysShowdown has 270 seconds left.
|
|t:|1654394438
|move|p1a: AQUILA FAVONIA|Stone Edge|p2a: Zapdos
|-supereffective|p2a: Zapdos
|-damage|p2a: Zapdos|0 fnt
|faint|p2a: Zapdos
|
|-fieldend|move: Electric Terrain
|upkeep
|inactive|ASnomPlaysShowdown has 270 seconds left.
|
|t:|1654394450
|switch|p2a: Tapu Fini|Tapu Fini|100\/100
|-fieldstart|move: Misty Terrain|[from] ability: Misty Surge|[of] p2a: Tapu Fini
|turn|6
|inactive|ASnomPlaysShowdown has 270 seconds left.
|inactive|ASnomPlaysShowdown has 240 seconds left.
|
|t:|1654394490
|move|p1a: AQUILA FAVONIA|Acrobatics|p2a: Tapu Fini
|-damage|p2a: Tapu Fini|12\/100
|move|p2a: Tapu Fini|Moonblast|p1a: AQUILA FAVONIA
|-supereffective|p1a: AQUILA FAVONIA
|-damage|p1a: AQUILA FAVONIA|55\/100
|-unboost|p1a: AQUILA FAVONIA|spa|1
|
|-heal|p2a: Tapu Fini|18\/100|[from] item: Leftovers
|upkeep
|turn|7
|inactive|ASnomPlaysShowdown has 240 seconds left.
|inactive|ASnomPlaysShowdown has 210 seconds left.
|inactive|ASnomPlaysShowdown has 180 seconds left.
|
|t:|1654394568
|move|p1a: AQUILA FAVONIA|Acrobatics|p2a: Tapu Fini
|-damage|p2a: Tapu Fini|0 fnt
|faint|p2a: Tapu Fini
|
|upkeep
|c|☆take the sight|yo u good?
|c|☆ASnomPlaysShowdown|yeah
|
|t:|1654394590
|switch|p2a: Gliscor|Gliscor, M|100\/100 tox
|turn|8
|
|t:|1654394599
|move|p1a: AQUILA FAVONIA|Acrobatics|p2a: Gliscor
|-damage|p2a: Gliscor|21\/100 tox
|move|p2a: Gliscor|U-turn|p1a: AQUILA FAVONIA
|-resisted|p1a: AQUILA FAVONIA
|-damage|p1a: AQUILA FAVONIA|51\/100
|inactive|ASnomPlaysShowdown has 150 seconds left.
|
|t:|1654394624
|switch|p2a: Greninja|Greninja, M|100\/100|[from]move: U-turn
|
|upkeep
|turn|9
|
|t:|1654394631
|move|p2a: Greninja|Water Shuriken|p1a: AQUILA FAVONIA
|-damage|p1a: AQUILA FAVONIA|45\/100
|-damage|p1a: AQUILA FAVONIA|37\/100
|-hitcount|p1a: AQUILA FAVONIA|2
|move|p1a: AQUILA FAVONIA|Acrobatics|p2a: Greninja
|-damage|p2a: Greninja|0 fnt
|faint|p2a: Greninja
|
|-sideend|p1: take the sight|move: Light Screen
|upkeep
|
|t:|1654394640
|switch|p2a: Lycanroc|Lycanroc, F|100\/100
|turn|10
|
|t:|1654394642
|detailschange|p2a: Lycanroc|Lycanroc-Mega, F
|-mega|p2a: Lycanroc|Lycanroc|Lycanite
|-ability|p2a: Lycanroc|Down-to-Earth
|-message|Lycanroc suppresses the effects of the terrain!
|-start|p2a: Lycanroc|typechange|Rock\/Normal|[silent]
|raw|<ul class="utilichart"><li class="result"><span class="col pokemonnamecol" style="white-space: nowrap">Lycanroc-Mega<\/span> <span class="col typecol"><img src="https:\/\/dragonheaven.herokuapp.com\/sprites\/types\/Rock.png" alt="Rock" height="14" width="32"><img src="https:\/\/dragonheaven.herokuapp.com\/sprites\/types\/Normal.png" alt="Normal" height="14" width="32"><\/span> <span style="float: left ; min-height: 26px"><span class="col abilitycol">Down-to-Earth<\/span><span class="col abilitycol"><\/span><\/span><span style="float: left ; min-height: 26px"><span class="col statcol"><em>HP<\/em><br>75<\/span> <span class="col statcol"><em>Atk<\/em><br>130<\/span> <span class="col statcol"><em>Def<\/em><br>115<\/span> <span class="col statcol"><em>SpA<\/em><br>75<\/span> <span class="col statcol"><em>SpD<\/em><br>75<\/span> <span class="col statcol"><em>Spe<\/em><br>117<\/span> <\/span><\/li><li style="clear: both"><\/li><\/ul>
|-hint|Lycanroc-Mega was submitted by Hematite!
|move|p2a: Lycanroc|Extreme Speed|p1a: AQUILA FAVONIA
|-damage|p1a: AQUILA FAVONIA|0 fnt
|faint|p1a: AQUILA FAVONIA
|
|-fieldend|Misty Terrain
|upkeep
|
|t:|1654394650
|switch|p1a: SUMMIT SHAPER|Kommo-o, F|100\/100
|turn|11
|
|t:|1654394667
|switch|p2a: Slowking|Slowking-Galar, F|100\/100
|move|p1a: SUMMIT SHAPER|Substitute|p1a: SUMMIT SHAPER
|-start|p1a: SUMMIT SHAPER|Substitute
|-damage|p1a: SUMMIT SHAPER|75\/100
|
|upkeep
|turn|12
|
|t:|1654394677
|move|p1a: SUMMIT SHAPER|Belly Drum|p1a: SUMMIT SHAPER
|-damage|p1a: SUMMIT SHAPER|25\/100
|-setboost|p1a: SUMMIT SHAPER|atk|6|[from] move: Belly Drum
|-enditem|p1a: SUMMIT SHAPER|Salac Berry|[eat]
|-boost|p1a: SUMMIT SHAPER|spe|1|[from] item: Salac Berry
|move|p2a: Slowking|Future Sight|p1a: SUMMIT SHAPER
|-start|p2a: Slowking|move: Future Sight
|
|upkeep
|turn|13
|inactive|ASnomPlaysShowdown has 150 seconds left.
|
|t:|1654394728
|switch|p2a: Gliscor|Gliscor, M|21\/100 tox
|move|p1a: SUMMIT SHAPER|Ice Punch|p2a: Gliscor
|-supereffective|p2a: Gliscor
|-damage|p2a: Gliscor|0 fnt
|faint|p2a: Gliscor
|
|upkeep
|
|t:|1654394733
|switch|p2a: Slowking|Slowking-Galar, F|100\/100
|turn|14
|
|t:|1654394752
|move|p1a: SUMMIT SHAPER|Ice Punch|p2a: Slowking
|-damage|p2a: Slowking|10\/100
|move|p2a: Slowking|Sludge Bomb|p1a: SUMMIT SHAPER
|-end|p1a: SUMMIT SHAPER|Substitute
|
|-end|p1a: SUMMIT SHAPER|move: Future Sight
|-supereffective|p1a: SUMMIT SHAPER
|-damage|p1a: SUMMIT SHAPER|0 fnt
|upkeep
|faint|p1a: SUMMIT SHAPER
|
|t:|1654394758
|switch|p1a: FESTERING DESIRE|Silvally-Dark|100\/100
|turn|15
|
|t:|1654394765
|detailschange|p1a: FESTERING DESIRE|Silvally-Mega-Dark
|-mega|p1a: FESTERING DESIRE|Silvally|RKS Megamemory
|-start|p1a: FESTERING DESIRE|typechange|Dark|[silent]
|raw|<ul class="utilichart"><li class="result"><span class="col pokemonnamecol" style="white-space: nowrap">Silvally-Mega-Dark<\/span> <span class="col typecol"><img src="https:\/\/dragonheaven.herokuapp.com\/sprites\/types\/Dark.png" alt="Dark" height="14" width="32"><\/span> <span style="float: left ; min-height: 26px"><span class="col abilitycol">Adaptability<\/span><span class="col abilitycol"><\/span><\/span><span style="float: left ; min-height: 26px"><span class="col statcol"><em>HP<\/em><br>95<\/span> <span class="col statcol"><em>Atk<\/em><br>100<\/span> <span class="col statcol"><em>Def<\/em><br>120<\/span> <span class="col statcol"><em>SpA<\/em><br>140<\/span> <span class="col statcol"><em>SpD<\/em><br>120<\/span> <span class="col statcol"><em>Spe<\/em><br>95<\/span> <\/span><\/li><li style="clear: both"><\/li><\/ul>
|-hint|Silvally-Mega-Dark was submitted by KeroseneZanchu!
|move|p1a: FESTERING DESIRE|Multi-Attack|p2a: Slowking
|-supereffective|p2a: Slowking
|-damage|p2a: Slowking|0 fnt
|faint|p2a: Slowking
|
|upkeep
|
|t:|1654394772
|switch|p2a: Lycanroc|Lycanroc-Mega, F|100\/100
|-start|p2a: Lycanroc|typechange|Rock\/Normal|[silent]
|turn|16
|c|☆ASnomPlaysShowdown|gg
|c|☆take the sight|gg
|
|t:|1654394786
|move|p2a: Lycanroc|Close Combat|p1a: FESTERING DESIRE
|-supereffective|p1a: FESTERING DESIRE
|-damage|p1a: FESTERING DESIRE|18\/100
|-unboost|p2a: Lycanroc|def|1
|-unboost|p2a: Lycanroc|spd|1
|move|p1a: FESTERING DESIRE|Multi-Attack|p2a: Lycanroc
|-damage|p2a: Lycanroc|0 fnt
|faint|p2a: Lycanroc
|
|win|take the sight</script>
</div>
<div class="battle-log battle-log-inline"><div class="inner"><div class="battle-options"><div style="padding-top: 3px; padding-right: 3px; text-align: right"><button class="icon button" name="openBattleOptions" title="Options">Battle Options</button></div></div><div class="inner message-log"><div class="chat"><small>☆take the sight and ☆ASnomPlaysShowdown joined</small></div><div class=""><small>Format:</small> <br><strong>[Gen 8] Megas for All</strong></div><div class=""><small><em>HP Percentage Mod:</em> HP is shown in percentages</small></div><div class=""><small><em>Endless Battle Clause:</em> Forcing endless battles is banned</small></div><div class=""><small><em>OHKO Clause:</em> OHKO moves are banned</small></div><div class=""><small><em>Evasion Moves Clause:</em> Evasion moves are banned</small></div><div class=""><small><em>Species Clause:</em> Limit one of each Pokémon</small></div><div class=""><small><em>Dynamax Clause:</em> You cannot dynamax</small></div><div class=""><small><em>Sleep Clause Mod:</em> Limit one foe put to sleep</small></div><div class=""><small><em>Freeze Clause Mod:</em> Limit one foe frozen</small></div><div class="chat"><img src="https://raw.githubusercontent.com/scoopapa/DH/master/data/mods/m4av6/sprites/m4a_banner.png" height="65" width="381"></div><div class="spacer battle-history"><br></div><div class="battle-history"><small>Welcome to Megas for All!</small><br></div><div class="battle-history"><small>This is a National Dex-based format where we aim to give a new Mega Evolution to every Pokémon.</small><br></div><div class="battle-history"><small>Just like any official format, you can still only Mega Evolve one Pokémon per team!</small><br></div><div class="battle-history"><small>You can find our thread and metagame resources here:</small><br></div><div class="battle-history"><small>https://www.smogon.com/forums/threads/3671140/</small><br></div><div class="chat battle-history"><strong>take the sight's team:</strong> <em style="color:#445566;display:block;">Silvally-* / Tapu Koko / Tornadus-Therian / Hawlucha / Serperior / Kommo-o</em></div><div class="chat battle-history"><strong>ASnomPlaysShowdown's team:</strong> <em style="color:#445566;display:block;">Lycanroc / Greninja / Zapdos / Slowking-Galar / Tapu Fini / Gliscor</em></div><div class="chat"><small>+EeveeGirl1380 joined</small></div><div class="spacer battle-history"><br></div><div class="battle-history">Battle started between take the sight and ASnomPlaysShowdown!<br></div><div class="spacer battle-history"><br></div><div class="battle-history">Go! MISTSPLITTER (<strong>Tapu Koko</strong>)!<br></div><div class="spacer battle-history"><br></div><div class="battle-history">ASnomPlaysShowdown sent out <strong>Zapdos</strong>!<br></div><div class="battle-history">[MISTSPLITTER's Electric Surge]<br><small>An electric current ran across the battlefield!</small><br></div><div class="spacer battle-history"><br></div><h2 class="battle-history">Turn 1</h2><div class="chat message-error">Battle timer is ON: inactive players will automatically lose when time's up. (requested by take the sight)</div><div class="spacer battle-history"><br></div><div class="battle-history">MISTSPLITTER used <strong>Taunt</strong>!<br></div><div class="battle-history"><small>The opposing Zapdos fell for the taunt!</small><br></div><div class="spacer battle-history"><br></div><div class="battle-history">The opposing Zapdos used <strong>Discharge</strong>!<br></div><div class="battle-history"><small>It's not very effective...</small><br></div><div class="battle-history"><small>(MISTSPLITTER lost 25% of its health!)</small><br></div><div class="spacer battle-history"><br></div><h2 class="battle-history">Turn 2</h2><div class="spacer battle-history"><br></div><div class="battle-history">ASnomPlaysShowdown withdrew Zapdos!<br></div><div class="battle-history">ASnomPlaysShowdown sent out <strong>Gliscor</strong>!<br></div><div class="spacer battle-history"><br></div><div class="battle-history">MISTSPLITTER used <strong>Light Screen</strong>!<br></div><div class="battle-history"><small>Light Screen made your team stronger against special moves!</small><br></div><div class="spacer battle-history"><br></div><div class="battle-history"><small>The opposing Gliscor was badly poisoned!</small><br></div><div class="spacer battle-history"><br></div><h2 class="battle-history">Turn 3</h2><div class="chat"><small>~scoopapa joined</small></div><div class="spacer battle-history"><br></div><div class="battle-history">MISTSPLITTER used <strong>U-turn</strong>!<br></div><div class="battle-history"><small>It's not very effective...</small><br></div><div class="battle-history"><small>(The opposing Gliscor lost 7% of its health!)</small><br></div><div class="spacer battle-history"><br></div><div class="battle-history">MISTSPLITTER went back to take the sight!<br></div><div class="battle-history">Go! AQUILA FAVONIA (<strong>Hawlucha</strong>)!<br></div><div class="battle-history"><small>(AQUILA FAVONIA used its Electric Seed!)</small><br></div><div class="battle-history"><small>The Electric Seed raised AQUILA FAVONIA's Defense!</small><br></div><div class="spacer battle-history"><br></div><div class="battle-history">The opposing Gliscor used <strong>Earthquake</strong>!<br></div><div class="battle-history"><small>It doesn't affect AQUILA FAVONIA...</small><br></div><div class="spacer battle-history"><br></div><div class="battle-history">[The opposing Gliscor's Poison Heal]<br><small>The opposing Gliscor had its HP restored.</small><br></div><div class="spacer battle-history"><br></div><h2 class="battle-history">Turn 4</h2><div class="spacer battle-history"><br></div><div class="battle-history">AQUILA FAVONIA used <strong>Swords Dance</strong>!<br></div><div class="battle-history"><small>AQUILA FAVONIA's Attack rose sharply!</small><br></div><div class="spacer battle-history"><br></div><div class="battle-history">The opposing Gliscor used <strong>U-turn</strong>!<br></div><div class="battle-history"><small>It's not very effective...</small><br></div><div class="battle-history"><small>(AQUILA FAVONIA lost 3% of its health!)</small><br></div><div class="spacer battle-history"><br></div><div class="battle-history">The opposing Gliscor went back to ASnomPlaysShowdown!<br></div><div class="battle-history">ASnomPlaysShowdown sent out <strong>Zapdos</strong>!<br></div><div class="spacer battle-history"><br></div><h2 class="battle-history">Turn 5</h2><div class="chat"><small>+Gekokeso joined</small></div><div class="chat message-error">ASnomPlaysShowdown has 270 seconds left.</div><div class="spacer battle-history"><br></div><div class="battle-history">AQUILA FAVONIA used <strong>Stone Edge</strong>!<br></div><div class="battle-history"><small>It's super effective!</small><br></div><div class="battle-history"><small>(The opposing Zapdos lost 100% of its health!)</small><br></div><div class="spacer battle-history"><br></div><div class="battle-history">The opposing Zapdos fainted!<br></div><div class="spacer battle-history"><br></div><div class="battle-history"><small>The electricity disappeared from the battlefield.</small><br></div><div class="chat message-error">ASnomPlaysShowdown has 270 seconds left.</div><div class="spacer battle-history"><br></div><div class="battle-history">ASnomPlaysShowdown sent out <strong>Tapu Fini</strong>!<br></div><div class="battle-history">[The opposing Tapu Fini's Misty Surge]<br><small>Mist swirled around the battlefield!</small><br></div><div class="spacer battle-history"><br></div><h2 class="battle-history">Turn 6</h2><div class="chat message-error">ASnomPlaysShowdown has 270 seconds left.</div><div class="chat message-error">ASnomPlaysShowdown has 240 seconds left.</div><div class="spacer battle-history"><br></div><div class="battle-history">AQUILA FAVONIA used <strong>Acrobatics</strong>!<br></div><div class="battle-history"><small>(The opposing Tapu Fini lost 88% of its health!)</small><br></div><div class="spacer battle-history"><br></div><div class="battle-history">The opposing Tapu Fini used <strong>Moonblast</strong>!<br></div><div class="battle-history"><small>It's super effective!</small><br></div><div class="battle-history"><small>(AQUILA FAVONIA lost 42% of its health!)</small><br></div><div class="battle-history"><small>AQUILA FAVONIA's Sp. Atk fell!</small><br></div><div class="spacer battle-history"><br></div><div class="battle-history"><small>The opposing Tapu Fini restored a little HP using its Leftovers!</small><br></div><div class="spacer battle-history"><br></div><h2 class="battle-history">Turn 7</h2><div class="chat message-error">ASnomPlaysShowdown has 240 seconds left.</div><div class="chat message-error">ASnomPlaysShowdown has 210 seconds left.</div><div class="chat message-error">ASnomPlaysShowdown has 180 seconds left.</div><div class="spacer battle-history"><br></div><div class="battle-history">AQUILA FAVONIA used <strong>Acrobatics</strong>!<br></div><div class="battle-history"><small>(The opposing Tapu Fini lost 18% of its health!)</small><br></div><div class="spacer battle-history"><br></div><div class="battle-history">The opposing Tapu Fini fainted!<br></div><div class="chat chatmessage-takethesight"><strong style="color:#8336e7"><small>☆</small><span class="username" data-name="take the sight">take the sight</span>:</strong> <em>yo u good?</em></div><div class="chat chatmessage-asnomplaysshowdown"><strong style="color:#1bb1b6"><small>☆</small><span class="username" data-name="ASnomPlaysShowdown">ASnomPlaysShowdown</span>:</strong> <em>yeah</em></div><div class="spacer battle-history"><br></div><div class="battle-history">ASnomPlaysShowdown sent out <strong>Gliscor</strong>!<br></div><div class="spacer battle-history"><br></div><h2 class="battle-history">Turn 8</h2><div class="spacer battle-history"><br></div><div class="battle-history">AQUILA FAVONIA used <strong>Acrobatics</strong>!<br></div><div class="battle-history"><small>(The opposing Gliscor lost 79% of its health!)</small><br></div><div class="spacer battle-history"><br></div><div class="battle-history">The opposing Gliscor used <strong>U-turn</strong>!<br></div><div class="battle-history"><small>It's not very effective...</small><br></div><div class="battle-history"><small>(AQUILA FAVONIA lost 4% of its health!)</small><br></div><div class="chat message-error">ASnomPlaysShowdown has 150 seconds left.</div><div class="spacer battle-history"><br></div><div class="battle-history">The opposing Gliscor went back to ASnomPlaysShowdown!<br></div><div class="battle-history">ASnomPlaysShowdown sent out <strong>Greninja</strong>!<br></div><div class="spacer battle-history"><br></div><h2 class="battle-history">Turn 9</h2><div class="spacer battle-history"><br></div><div class="battle-history">The opposing Greninja used <strong>Water Shuriken</strong>!<br></div><div class="battle-history"><small>(AQUILA FAVONIA lost 6% of its health!)</small><br></div><div class="battle-history"><small>(AQUILA FAVONIA lost 8% of its health!)</small><br></div><div class="battle-history"><small>The Pokémon was hit 2 times!</small><br></div><div class="spacer battle-history"><br></div><div class="battle-history">AQUILA FAVONIA used <strong>Acrobatics</strong>!<br></div><div class="battle-history"><small>(The opposing Greninja lost 100% of its health!)</small><br></div><div class="spacer battle-history"><br></div><div class="battle-history">The opposing Greninja fainted!<br></div><div class="spacer battle-history"><br></div><div class="battle-history"><small>Your team's Light Screen wore off!</small><br></div><div class="spacer battle-history"><br></div><div class="battle-history">ASnomPlaysShowdown sent out <strong>Lycanroc</strong>!<br></div><div class="spacer battle-history"><br></div><h2 class="battle-history">Turn 10</h2><div class="spacer battle-history"><br></div><div class="battle-history"><small>The opposing Lycanroc's Lycanite is reacting to the Key Stone!</small><br>The opposing Lycanroc has Mega Evolved into Mega Lycanroc!<br></div><div class="battle-history">[The opposing Lycanroc's Down-to-Earth]<br></div><div class="battle-history"><small>Lycanroc suppresses the effects of the terrain!</small><br></div><div class="chat"><ul class="utilichart"><li class="result"><span class="col pokemonnamecol" style="white-space: nowrap">Lycanroc-Mega</span> <span class="col typecol"><img src="https://dragonheaven.herokuapp.com/sprites/types/Rock.png" alt="Rock" height="14" width="32"><img src="https://dragonheaven.herokuapp.com/sprites/types/Normal.png" alt="Normal" height="14" width="32"></span> <span style="float: left ; min-height: 26px"><span class="col abilitycol">Down-to-Earth</span><span class="col abilitycol"></span></span><span style="float: left ; min-height: 26px"><span class="col statcol"><em>HP</em><br>75</span> <span class="col statcol"><em>Atk</em><br>130</span> <span class="col statcol"><em>Def</em><br>115</span> <span class="col statcol"><em>SpA</em><br>75</span> <span class="col statcol"><em>SpD</em><br>75</span> <span class="col statcol"><em>Spe</em><br>117</span> </span></li><li style="clear: both"></li></ul></div><div class="battle-history"><small>(Lycanroc-Mega was submitted by Hematite!)</small><br></div><div class="spacer battle-history"><br></div><div class="battle-history">The opposing Lycanroc used <strong>Extreme Speed</strong>!<br></div><div class="battle-history"><small>(AQUILA FAVONIA lost 37% of its health!)</small><br></div><div class="spacer battle-history"><br></div><div class="battle-history">AQUILA FAVONIA fainted!<br></div><div class="spacer battle-history"><br></div><div class="battle-history"><small>The mist disappeared from the battlefield.</small><br></div><div class="spacer battle-history"><br></div><div class="battle-history">Go! SUMMIT SHAPER (<strong>Kommo-o</strong>)!<br></div><div class="spacer battle-history"><br></div><h2 class="battle-history">Turn 11</h2><div class="spacer battle-history"><br></div><div class="battle-history">ASnomPlaysShowdown withdrew Lycanroc!<br></div><div class="battle-history">ASnomPlaysShowdown sent out Slowking (<strong>Slowking-Galar</strong>)!<br></div><div class="spacer battle-history"><br></div><div class="battle-history">SUMMIT SHAPER used <strong>Substitute</strong>!<br></div><div class="battle-history"><small>SUMMIT SHAPER put in a substitute!</small><br></div><div class="battle-history"><small>(SUMMIT SHAPER lost 25% of its health!)</small><br></div><div class="spacer battle-history"><br></div><h2 class="battle-history">Turn 12</h2><div class="spacer battle-history"><br></div><div class="battle-history">SUMMIT SHAPER used <strong>Belly Drum</strong>!<br></div><div class="battle-history"><small>(SUMMIT SHAPER lost 50% of its health!)</small><br></div><div class="battle-history"><small>SUMMIT SHAPER cut its own HP and maximized its Attack!</small><br></div><div class="battle-history"><small>(SUMMIT SHAPER ate its Salac Berry!)</small><br></div><div class="battle-history"><small>The Salac Berry raised SUMMIT SHAPER's Speed!</small><br></div><div class="spacer battle-history"><br></div><div class="battle-history">The opposing Slowking used <strong>Future Sight</strong>!<br></div><div class="battle-history"><small>The opposing Slowking foresaw an attack!</small><br></div><div class="spacer battle-history"><br></div><h2 class="battle-history">Turn 13</h2><div class="chat message-error">ASnomPlaysShowdown has 150 seconds left.</div><div class="spacer battle-history"><br></div><div class="battle-history">ASnomPlaysShowdown withdrew Slowking!<br></div><div class="battle-history">ASnomPlaysShowdown sent out <strong>Gliscor</strong>!<br></div><div class="spacer battle-history"><br></div><div class="battle-history">SUMMIT SHAPER used <strong>Ice Punch</strong>!<br></div><div class="battle-history"><small>It's super effective!</small><br></div><div class="battle-history"><small>(The opposing Gliscor lost 21% of its health!)</small><br></div><div class="spacer battle-history"><br></div><div class="battle-history">The opposing Gliscor fainted!<br></div><div class="spacer battle-history"><br></div><div class="battle-history">ASnomPlaysShowdown sent out Slowking (<strong>Slowking-Galar</strong>)!<br></div><div class="spacer battle-history"><br></div><h2 class="battle-history">Turn 14</h2><div class="spacer battle-history"><br></div><div class="battle-history">SUMMIT SHAPER used <strong>Ice Punch</strong>!<br></div><div class="battle-history"><small>(The opposing Slowking lost 90% of its health!)</small><br></div><div class="spacer battle-history"><br></div><div class="battle-history">The opposing Slowking used <strong>Sludge Bomb</strong>!<br></div><div class="battle-history"><small>SUMMIT SHAPER's substitute faded!</small><br></div><div class="spacer battle-history"><br></div><div class="battle-history"><small>SUMMIT SHAPER took the Future Sight attack!</small><br></div><div class="battle-history"><small>It's super effective!</small><br></div><div class="battle-history"><small>(SUMMIT SHAPER lost 25% of its health!)</small><br></div><div class="spacer battle-history"><br></div><div class="battle-history">SUMMIT SHAPER fainted!<br></div><div class="spacer battle-history"><br></div><div class="battle-history">Go! FESTERING DESIRE (<strong>Silvally-Dark</strong>)!<br></div><div class="spacer battle-history"><br></div><h2 class="battle-history">Turn 15</h2><div class="spacer battle-history"><br></div><div class="battle-history"><small>FESTERING DESIRE's RKS Megamemory is reacting to the Key Stone!</small><br>FESTERING DESIRE has Mega Evolved into Mega Silvally!<br></div><div class="chat"><ul class="utilichart"><li class="result"><span class="col pokemonnamecol" style="white-space: nowrap">Silvally-Mega-Dark</span> <span class="col typecol"><img src="https://dragonheaven.herokuapp.com/sprites/types/Dark.png" alt="Dark" height="14" width="32"></span> <span style="float: left ; min-height: 26px"><span class="col abilitycol">Adaptability</span><span class="col abilitycol"></span></span><span style="float: left ; min-height: 26px"><span class="col statcol"><em>HP</em><br>95</span> <span class="col statcol"><em>Atk</em><br>100</span> <span class="col statcol"><em>Def</em><br>120</span> <span class="col statcol"><em>SpA</em><br>140</span> <span class="col statcol"><em>SpD</em><br>120</span> <span class="col statcol"><em>Spe</em><br>95</span> </span></li><li style="clear: both"></li></ul></div><div class="battle-history"><small>(Silvally-Mega-Dark was submitted by KeroseneZanchu!)</small><br></div><div class="spacer battle-history"><br></div><div class="battle-history">FESTERING DESIRE used <strong>Multi-Attack</strong>!<br></div><div class="battle-history"><small>It's super effective!</small><br></div><div class="battle-history"><small>(The opposing Slowking lost 10% of its health!)</small><br></div><div class="spacer battle-history"><br></div><div class="battle-history">The opposing Slowking fainted!<br></div><div class="spacer battle-history"><br></div><div class="battle-history">ASnomPlaysShowdown sent out Lycanroc (<strong>Lycanroc-Mega</strong>)!<br></div><div class="spacer battle-history"><br></div><h2 class="battle-history">Turn 16</h2><div class="chat chatmessage-asnomplaysshowdown"><strong style="color:#1bb1b6"><small>☆</small><span class="username" data-name="ASnomPlaysShowdown">ASnomPlaysShowdown</span>:</strong> <em>gg</em></div><div class="chat chatmessage-takethesight"><strong style="color:#8336e7"><small>☆</small><span class="username" data-name="take the sight">take the sight</span>:</strong> <em>gg</em></div><div class="spacer battle-history"><br></div><div class="battle-history">The opposing Lycanroc used <strong>Close Combat</strong>!<br></div><div class="battle-history"><small>It's super effective!</small><br></div><div class="battle-history"><small>(FESTERING DESIRE lost 82% of its health!)</small><br></div><div class="battle-history"><small>The opposing Lycanroc's Defense fell!</small><br></div><div class="battle-history"><small>The opposing Lycanroc's Sp. Def fell!</small><br></div><div class="spacer battle-history"><br></div><div class="battle-history">FESTERING DESIRE used <strong>Multi-Attack</strong>!<br></div><div class="battle-history"><small>(The opposing Lycanroc lost 100% of its health!)</small><br></div><div class="spacer battle-history"><br></div><div class="battle-history">The opposing Lycanroc fainted!<br></div><div class="spacer battle-history"><br></div><div class="battle-history"><strong>take the sight</strong> won the battle!<br></div></div><div class="inner-preempt message-log"></div></div></div>
</div>
<script>
let daily = Math.floor(Date.now()/1000/60/60/24);document.write('<script src="http://petmodsdh.com/js/replay-embed.js?version'+daily+'"></'+'script>');
</script>
