<!DOCTYPE html>
<meta charset="utf-8" />
<!-- version 1 -->
<title>[Gen 8] Clean Slate Micro 2 replay: scoopapa vs. mintlyfresh</title>
<style>
html,body {font-family:Verdana, sans-serif;font-size:10pt;margin:0;padding:0;}body{padding:12px 0;} .battle-log {font-family:Verdana, sans-serif;font-size:10pt;} .battle-log-inline {border:1px solid #AAAAAA;background:#EEF2F5;color:black;max-width:640px;margin:0 auto 80px;padding-bottom:5px;} .battle-log .inner {padding:4px 8px 0px 8px;} .battle-log .inner-preempt {padding:0 8px 4px 8px;} .battle-log .inner-after {margin-top:0.5em;} .battle-log h2 {margin:0.5em -8px;padding:4px 8px;border:1px solid #AAAAAA;background:#E0E7EA;border-left:0;border-right:0;font-family:Verdana, sans-serif;font-size:13pt;} .battle-log .chat {vertical-align:middle;padding:3px 0 3px 0;font-size:8pt;} .battle-log .chat strong {color:#40576A;} .battle-log .chat em {padding:1px 4px 1px 3px;color:#000000;font-style:normal;} .chat.mine {background:rgba(0,0,0,0.05);margin-left:-8px;margin-right:-8px;padding-left:8px;padding-right:8px;} .spoiler {color:#BBBBBB;background:#BBBBBB;padding:0px 3px;} .spoiler:hover, .spoiler:active, .spoiler-shown {color:#000000;background:#E2E2E2;padding:0px 3px;} .spoiler a {color:#BBBBBB;} .spoiler:hover a, .spoiler:active a, .spoiler-shown a {color:#2288CC;} .chat code, .chat .spoiler:hover code, .chat .spoiler:active code, .chat .spoiler-shown code {border:1px solid #C0C0C0;background:#EEEEEE;color:black;padding:0 2px;} .chat .spoiler code {border:1px solid #CCCCCC;background:#CCCCCC;color:#CCCCCC;} .battle-log .rated {padding:3px 4px;} .battle-log .rated strong {color:white;background:#89A;padding:1px 4px;border-radius:4px;} .spacer {margin-top:0.5em;} .message-announce {background:#6688AA;color:white;padding:1px 4px 2px;} .message-announce a, .broadcast-green a, .broadcast-blue a, .broadcast-red a {color:#DDEEFF;} .broadcast-green {background-color:#559955;color:white;padding:2px 4px;} .broadcast-blue {background-color:#6688AA;color:white;padding:2px 4px;} .infobox {border:1px solid #6688AA;padding:2px 4px;} .infobox-limited {max-height:200px;overflow:auto;overflow-x:hidden;} .broadcast-red {background-color:#AA5544;color:white;padding:2px 4px;} .message-learn-canlearn {font-weight:bold;color:#228822;text-decoration:underline;} .message-learn-cannotlearn {font-weight:bold;color:#CC2222;text-decoration:underline;} .message-effect-weak {font-weight:bold;color:#CC2222;} .message-effect-resist {font-weight:bold;color:#6688AA;} .message-effect-immune {font-weight:bold;color:#666666;} .message-learn-list {margin-top:0;margin-bottom:0;} .message-throttle-notice, .message-error {color:#992222;} .message-overflow, .chat small.message-overflow {font-size:0pt;} .message-overflow::before {font-size:9pt;content:'...';} .subtle {color:#3A4A66;}
</style>
<div class="wrapper replay-wrapper" style="max-width:1180px;margin:0 auto">
<input type="hidden" name="replayid" value="dragonheaven-gen8cleanslatemicro2-2" />
<div class="battle"></div><div class="battle-log"></div><div class="replay-controls"></div><div class="replay-controls-2"></div>
<h1 style="font-weight:normal;text-align:center"><strong>[Gen 8] Clean Slate Micro 2</strong><br /><a href="http://pokemonshowdown.com/users/scoopapa" class="subtle" target="_blank">scoopapa</a> vs. <a href="http://pokemonshowdown.com/users/mintlyfresh" class="subtle" target="_blank">mintlyfresh</a></h1>
<script type="text/plain" class="battle-log-data">|j|☆scoopapa

|j|☆mintlyfresh
|t:|1677459663
|player|p1|scoopapa|265|
|player|p2|mintlyfresh|266|
|teamsize|p1|6
|teamsize|p2|6
|gametype|singles
|gen|8
|tier|[Gen 8] Clean Slate Micro 2
|clearpoke
|poke|p1|Onix, F|
|poke|p1|Solgaleo|
|poke|p1|Lumineon, F|
|poke|p1|Overqwil, F|
|poke|p1|Virizion|
|poke|p1|Zangoose, M|
|poke|p2|Dondozo, M|
|poke|p2|Onix, M|
|poke|p2|Zangoose, M|
|poke|p2|Omastar, M|
|poke|p2|Virizion|
|poke|p2|Talonflame, F|
|rule|Sleep Clause Mod: Limit one foe put to sleep
|rule|Species Clause: Limit one of each Pokémon
|rule|OHKO Clause: OHKO moves are banned
|rule|Evasion Moves Clause: Evasion moves are banned
|rule|Endless Battle Clause: Forcing endless battles is banned
|rule|HP Percentage Mod: HP is shown in percentages
|rule|Dynamax Clause: You cannot dynamax
|teampreview
|
|t:|1677459716
|start
|switch|p1a: Zangoose|Zangoose, M|301\/301
|switch|p2a: Talonflame|Talonflame, F|100\/100
|turn|1
|
|t:|1677459728
|switch|p1a: Overqwil|Overqwil, F|396\/396
|-ability|p1a: Overqwil|Intimidate|boost
|-unboost|p2a: Talonflame|atk|1
|move|p2a: Talonflame|Hurricane|p1a: Overqwil
|-damage|p1a: Overqwil|290\/396
|
|-heal|p1a: Overqwil|314\/396|[from] item: Leftovers
|upkeep
|turn|2
|
|t:|1677459774
|move|p2a: Talonflame|Lava Plume|p1a: Overqwil
|-damage|p1a: Overqwil|232\/396
|move|p1a: Overqwil|Spikes|p2a: Talonflame
|-sidestart|p2: mintlyfresh|Spikes
|
|-heal|p1a: Overqwil|256\/396|[from] item: Leftovers
|upkeep
|turn|3
|
|t:|1677459778
|move|p2a: Talonflame|Lava Plume|p1a: Overqwil
|-damage|p1a: Overqwil|171\/396
|move|p1a: Overqwil|Toxic|p2a: Talonflame
|-status|p2a: Talonflame|tox
|
|-heal|p1a: Overqwil|195\/396|[from] item: Leftovers
|-damage|p2a: Talonflame|94\/100 tox|[from] psn
|upkeep
|turn|4
|
|t:|1677459788
|switch|p1a: Lumineon|Lumineon, F|384\/384
|move|p2a: Talonflame|Tailwind|p2a: Talonflame
|-sidestart|p2: mintlyfresh|move: Tailwind
|
|-damage|p2a: Talonflame|82\/100 tox|[from] psn
|upkeep
|turn|5
|
|t:|1677459807
|move|p2a: Talonflame|Lava Plume|p1a: Lumineon
|-damage|p1a: Lumineon|356\/384
|-status|p1a: Lumineon|brn
|move|p1a: Lumineon|Scald|p2a: Talonflame
|-supereffective|p2a: Talonflame
|-damage|p2a: Talonflame|35\/100 tox
|
|-damage|p2a: Talonflame|16\/100 tox|[from] psn
|-damage|p1a: Lumineon|332\/384 brn|[from] brn
|upkeep
|turn|6
|
|t:|1677459819
|switch|p2a: Zangoose|Zangoose, M|100\/100
|-damage|p2a: Zangoose|88\/100|[from] Spikes
|move|p1a: Lumineon|Scald|p2a: Zangoose
|-supereffective|p2a: Zangoose
|-damage|p2a: Zangoose|4\/100
|
|-damage|p1a: Lumineon|308\/384 brn|[from] brn
|-status|p2a: Zangoose|tox|[from] item: Toxic Orb
|upkeep
|turn|7
|
|t:|1677459836
|switch|p1a: Overqwil|Overqwil, F|195\/396
|-ability|p1a: Overqwil|Intimidate|boost
|-unboost|p2a: Zangoose|atk|1
|move|p2a: Zangoose|Facade|p1a: Overqwil
|-damage|p1a: Overqwil|74\/396
|
|-heal|p1a: Overqwil|98\/396|[from] item: Leftovers
|-heal|p2a: Zangoose|17\/100 tox|[from] ability: Poison Heal
|-sideend|p2: mintlyfresh|move: Tailwind
|upkeep
|turn|8
|
|t:|1677459841
|move|p2a: Zangoose|Facade|p1a: Overqwil
|-damage|p1a: Overqwil|0 fnt
|faint|p1a: Overqwil
|
|-heal|p2a: Zangoose|29\/100 tox|[from] ability: Poison Heal
|upkeep
|
|t:|1677459844
|switch|p1a: Solgaleo|Solgaleo|271\/271
|-ability|p1a: Solgaleo|Intimidate|boost
|-unboost|p2a: Zangoose|atk|1
|turn|9
|
|t:|1677459849
|move|p1a: Solgaleo|Aura Sphere|p2a: Zangoose
|-supereffective|p2a: Zangoose
|-damage|p2a: Zangoose|0 fnt
|faint|p2a: Zangoose
|
|upkeep
|
|t:|1677459858
|switch|p2a: Omastar|Omastar, M|100\/100
|-damage|p2a: Omastar|88\/100|[from] Spikes
|turn|10
|
|t:|1677459873
|move|p1a: Solgaleo|Aura Sphere|p2a: Omastar
|-damage|p2a: Omastar|31\/100
|move|p2a: Omastar|Flip Turn|p1a: Solgaleo
|-damage|p1a: Solgaleo|144\/271
|
|t:|1677459895
|switch|p2a: Dondozo|Dondozo, M|100\/100|[from]move: Flip Turn
|-damage|p2a: Dondozo|88\/100|[from] Spikes
|
|-heal|p2a: Dondozo|94\/100|[from] item: Leftovers
|upkeep
|turn|11
|
|t:|1677459910
|switch|p1a: Virizion|Virizion|263\/263
|move|p2a: Dondozo|Order Up|p1a: Virizion
|-resisted|p1a: Virizion
|-damage|p1a: Virizion|208\/263
|-boost|p1a: Virizion|spe|1
|
|-heal|p2a: Dondozo|99\/100|[from] item: Leftovers
|upkeep
|turn|12
|c|☆mintlyfresh|WH
|c|☆scoopapa|goddamnit
|c|☆scoopapa|what was the stat you were boosting?
|c|☆mintlyfresh|spd
|c|☆mintlyfresh|i think i boosted your highest stat lmao
|c|☆scoopapa|you did
|
|t:|1677459965
|move|p1a: Virizion|Anchor Shot|p2a: Dondozo
|-damage|p2a: Dondozo|47\/100
|-activate|p2a: Dondozo|trapped
|move|p2a: Dondozo|Curse|p2a: Dondozo
|-unboost|p2a: Dondozo|spe|1
|-boost|p2a: Dondozo|atk|1
|-boost|p2a: Dondozo|def|1
|
|-heal|p2a: Dondozo|54\/100|[from] item: Leftovers
|upkeep
|turn|13
|c|☆scoopapa|i will play it out like you didn't
|
|t:|1677459974
|move|p1a: Virizion|Swords Dance|p1a: Virizion
|-boost|p1a: Virizion|atk|2
|move|p2a: Dondozo|Curse|p2a: Dondozo
|-unboost|p2a: Dondozo|spe|1
|-boost|p2a: Dondozo|atk|1
|-boost|p2a: Dondozo|def|1
|
|-heal|p2a: Dondozo|60\/100|[from] item: Leftovers
|upkeep
|turn|14
|
|t:|1677459980
|move|p1a: Virizion|Sacred Sword|p2a: Dondozo
|-damage|p2a: Dondozo|9\/100
|move|p2a: Dondozo|Order Up|p1a: Virizion
|-resisted|p1a: Virizion
|-damage|p1a: Virizion|112\/263
|-boost|p1a: Virizion|spe|1
|
|-heal|p2a: Dondozo|15\/100|[from] item: Leftovers
|upkeep
|turn|15
|
|t:|1677459990
|move|p1a: Virizion|Anchor Shot|p2a: Dondozo
|-damage|p2a: Dondozo|0 fnt
|faint|p2a: Dondozo
|
|upkeep
|
|t:|1677459993
|switch|p2a: Virizion|Virizion|100\/100
|-damage|p2a: Virizion|88\/100|[from] Spikes
|turn|16
|
|t:|1677460010
|switch|p1a: Lumineon|Lumineon, F|308\/384 brn
|move|p2a: Virizion|Swords Dance|p2a: Virizion
|-boost|p2a: Virizion|atk|2
|
|-damage|p1a: Lumineon|284\/384 brn|[from] brn
|upkeep
|turn|17
|
|t:|1677460022
|move|p2a: Virizion|Horn Leech|p1a: Lumineon
|-damage|p1a: Lumineon|0 fnt
|-heal|p2a: Virizion|100\/100|[from] drain|[of] p1a: Lumineon
|-damage|p2a: Virizion|91\/100|[from] item: Life Orb
|faint|p1a: Lumineon
|
|upkeep
|
|t:|1677460026
|switch|p1a: Zangoose|Zangoose, M|301\/301
|turn|18
|
|t:|1677460033
|switch|p2a: Onix|Onix, M|100\/100
|-damage|p2a: Onix|88\/100|[from] Spikes
|move|p1a: Zangoose|Pyro Ball|p2a: Onix
|-resisted|p2a: Onix
|-damage|p2a: Onix|73\/100
|-damage|p1a: Zangoose|271\/301|[from] item: Life Orb
|
|upkeep
|turn|19
|
|t:|1677460041
|move|p2a: Onix|Earthquake|p1a: Zangoose
|-supereffective|p1a: Zangoose
|-damage|p1a: Zangoose|0 fnt
|-damage|p2a: Onix|63\/100|[from] item: Life Orb
|faint|p1a: Zangoose
|
|upkeep
|
|t:|1677460045
|switch|p1a: Solgaleo|Solgaleo|144\/271
|-ability|p1a: Solgaleo|Intimidate|boost
|-unboost|p2a: Onix|atk|1
|turn|20
|
|t:|1677460051
|switch|p2a: Talonflame|Talonflame, F|16\/100 tox
|move|p1a: Solgaleo|Aura Sphere|p2a: Talonflame
|-resisted|p2a: Talonflame
|-damage|p2a: Talonflame|0 fnt
|faint|p2a: Talonflame
|
|upkeep
|
|t:|1677460055
|switch|p2a: Virizion|Virizion|91\/100
|-damage|p2a: Virizion|78\/100|[from] Spikes
|turn|21
|
|t:|1677460065
|switch|p1a: Onix|Onix, F|303\/303
|move|p2a: Virizion|Anchor Shot|p1a: Onix
|-supereffective|p1a: Onix
|-damage|p1a: Onix|92\/303
|-activate|p1a: Onix|trapped
|-damage|p2a: Virizion|69\/100|[from] item: Life Orb
|
|upkeep
|turn|22
|c|☆scoopapa|yum
|
|t:|1677460082
|move|p1a: Onix|Head Smash|p2a: Virizion
|-resisted|p2a: Virizion
|-damage|p2a: Virizion|2\/100
|-damage|p1a: Onix|4\/303|[from] Recoil
|move|p2a: Virizion|Horn Leech|p1a: Onix
|-damage|p1a: Onix|0 fnt
|-heal|p2a: Virizion|2\/100|[from] drain|[of] p1a: Onix
|-damage|p2a: Virizion|0 fnt|[from] item: Life Orb
|faint|p1a: Onix
|faint|p2a: Virizion
|
|upkeep
|
|t:|1677460095
|switch|p1a: Solgaleo|Solgaleo|144\/271
|switch|p2a: Omastar|Omastar, M|31\/100
|-ability|p1a: Solgaleo|Intimidate|boost
|-unboost|p2a: Omastar|atk|1
|-damage|p2a: Omastar|19\/100|[from] Spikes
|turn|23
|
|t:|1677460103
|move|p1a: Solgaleo|Aura Sphere|p2a: Omastar
|-damage|p2a: Omastar|0 fnt
|faint|p2a: Omastar
|
|upkeep
|
|t:|1677460105
|switch|p2a: Onix|Onix, M|63\/100
|-damage|p2a: Onix|51\/100|[from] Spikes
|turn|24
|
|t:|1677460110
|move|p1a: Solgaleo|Aura Sphere|p2a: Onix
|-supereffective|p2a: Onix
|-damage|p2a: Onix|0 fnt
|faint|p2a: Onix
|
|win|scoopapa
|c|☆mintlyfresh|gg
|c|☆scoopapa|gg sry bout the order up
|c|☆mintlyfresh|nw man
|c|☆scoopapa|idt it mattered too much but
|c|☆scoopapa|always annoying</script>
</div>
<div class="battle-log battle-log-inline"><div class="inner"><div class="battle-options"><div style="padding-top: 3px; padding-right: 3px; text-align: right"><button class="icon button" name="openBattleOptions" title="Options">Battle Options</button></div></div><div class="inner message-log"><div class="chat"><small>☆scoopapa and ☆mintlyfresh joined</small></div><div class=""><small>Format:</small> <br><strong>[Gen 8] Clean Slate Micro 2</strong></div><div class=""><small><em>Sleep Clause Mod:</em> Limit one foe put to sleep</small></div><div class=""><small><em>Species Clause:</em> Limit one of each Pokémon</small></div><div class=""><small><em>OHKO Clause:</em> OHKO moves are banned</small></div><div class=""><small><em>Evasion Moves Clause:</em> Evasion moves are banned</small></div><div class=""><small><em>Endless Battle Clause:</em> Forcing endless battles is banned</small></div><div class=""><small><em>HP Percentage Mod:</em> HP is shown in percentages</small></div><div class=""><small><em>Dynamax Clause:</em> You cannot dynamax</small></div><div class="chat battle-history"><strong>scoopapa's team:</strong> <em style="color:#445566;display:block;">Onix / Solgaleo / Lumineon / Overqwil / Virizion / Zangoose</em></div><div class="chat battle-history"><strong>mintlyfresh's team:</strong> <em style="color:#445566;display:block;">Dondozo / Onix / Zangoose / Omastar / Virizion / Talonflame</em></div><div class="spacer battle-history"><br></div><div class="battle-history">Battle started between scoopapa and mintlyfresh!<br></div><div class="spacer battle-history"><br></div><div class="battle-history">Go! <strong>Zangoose</strong>!<br></div><div class="spacer battle-history"><br></div><div class="battle-history">mintlyfresh sent out <strong>Talonflame</strong>!<br></div><div class="spacer battle-history"><br></div><h2 class="battle-history">Turn 1</h2><div class="spacer battle-history"><br></div><div class="battle-history">Zangoose, come back!<br></div><div class="battle-history">Go! <strong>Overqwil</strong>!<br></div><div class="battle-history">[Overqwil's Intimidate]<br></div><div class="battle-history"><small>The opposing Talonflame's Attack fell!</small><br></div><div class="spacer battle-history"><br></div><div class="battle-history">The opposing Talonflame used <strong>Hurricane</strong>!<br></div><div class="battle-history"><small>(Overqwil lost <abbr title="−106/396">26.8%</abbr> of its health!)</small><br></div><div class="spacer battle-history"><br></div><div class="battle-history"><small>Overqwil restored a little HP using its Leftovers!</small><br></div><div class="spacer battle-history"><br></div><h2 class="battle-history">Turn 2</h2><div class="spacer battle-history"><br></div><div class="battle-history">The opposing Talonflame used <strong>Lava Plume</strong>!<br></div><div class="battle-history"><small>(Overqwil lost <abbr title="−82/396">20.7%</abbr> of its health!)</small><br></div><div class="spacer battle-history"><br></div><div class="battle-history">Overqwil used <strong>Spikes</strong>!<br></div><div class="battle-history"><small>Spikes were scattered on the ground all around the opposing team!</small><br></div><div class="spacer battle-history"><br></div><div class="battle-history"><small>Overqwil restored a little HP using its Leftovers!</small><br></div><div class="spacer battle-history"><br></div><h2 class="battle-history">Turn 3</h2><div class="spacer battle-history"><br></div><div class="battle-history">The opposing Talonflame used <strong>Lava Plume</strong>!<br></div><div class="battle-history"><small>(Overqwil lost <abbr title="−85/396">21.5%</abbr> of its health!)</small><br></div><div class="spacer battle-history"><br></div><div class="battle-history">Overqwil used <strong>Toxic</strong>!<br></div><div class="battle-history"><small>The opposing Talonflame was badly poisoned!</small><br></div><div class="spacer battle-history"><br></div><div class="battle-history"><small>Overqwil restored a little HP using its Leftovers!</small><br></div><div class="battle-history"><small>The opposing Talonflame was hurt by poison!</small><br></div><div class="spacer battle-history"><br></div><h2 class="battle-history">Turn 4</h2><div class="spacer battle-history"><br></div><div class="battle-history">Overqwil, come back!<br></div><div class="battle-history">Go! <strong>Lumineon</strong>!<br></div><div class="spacer battle-history"><br></div><div class="battle-history">The opposing Talonflame used <strong>Tailwind</strong>!<br></div><div class="battle-history"><small>The Tailwind blew from behind the opposing team!</small><br></div><div class="spacer battle-history"><br></div><div class="battle-history"><small>The opposing Talonflame was hurt by poison!</small><br></div><div class="spacer battle-history"><br></div><h2 class="battle-history">Turn 5</h2><div class="spacer battle-history"><br></div><div class="battle-history">The opposing Talonflame used <strong>Lava Plume</strong>!<br></div><div class="battle-history"><small>(Lumineon lost <abbr title="−28/384">7.3%</abbr> of its health!)</small><br></div><div class="battle-history"><small>Lumineon was burned!</small><br></div><div class="spacer battle-history"><br></div><div class="battle-history">Lumineon used <strong>Scald</strong>!<br></div><div class="battle-history"><small>It's super effective!</small><br></div><div class="battle-history"><small>(The opposing Talonflame lost 47% of its health!)</small><br></div><div class="spacer battle-history"><br></div><div class="battle-history"><small>The opposing Talonflame was hurt by poison!</small><br></div><div class="battle-history"><small>Lumineon was hurt by its burn!</small><br></div><div class="spacer battle-history"><br></div><h2 class="battle-history">Turn 6</h2><div class="spacer battle-history"><br></div><div class="battle-history">mintlyfresh withdrew Talonflame!<br></div><div class="battle-history">mintlyfresh sent out <strong>Zangoose</strong>!<br></div><div class="battle-history"><small>The opposing Zangoose was hurt by the spikes!</small><br></div><div class="spacer battle-history"><br></div><div class="battle-history">Lumineon used <strong>Scald</strong>!<br></div><div class="battle-history"><small>It's super effective!</small><br></div><div class="battle-history"><small>(The opposing Zangoose lost 84% of its health!)</small><br></div><div class="spacer battle-history"><br></div><div class="battle-history"><small>Lumineon was hurt by its burn!</small><br></div><div class="battle-history"><small>The opposing Zangoose was badly poisoned!</small><br></div><div class="spacer battle-history"><br></div><h2 class="battle-history">Turn 7</h2><div class="spacer battle-history"><br></div><div class="battle-history">Lumineon, come back!<br></div><div class="battle-history">Go! <strong>Overqwil</strong>!<br></div><div class="battle-history">[Overqwil's Intimidate]<br></div><div class="battle-history"><small>The opposing Zangoose's Attack fell!</small><br></div><div class="spacer battle-history"><br></div><div class="battle-history">The opposing Zangoose used <strong>Facade</strong>!<br></div><div class="battle-history"><small>(Overqwil lost <abbr title="−121/396">30.6%</abbr> of its health!)</small><br></div><div class="spacer battle-history"><br></div><div class="battle-history"><small>Overqwil restored a little HP using its Leftovers!</small><br></div><div class="battle-history">[The opposing Zangoose's Poison Heal]<br><small>The opposing Zangoose had its HP restored.</small><br></div><div class="battle-history"><small>The opposing team's Tailwind petered out!</small><br></div><div class="spacer battle-history"><br></div><h2 class="battle-history">Turn 8</h2><div class="spacer battle-history"><br></div><div class="battle-history">The opposing Zangoose used <strong>Facade</strong>!<br></div><div class="battle-history"><small>(Overqwil lost <abbr title="−98/396">24.7%</abbr> of its health!)</small><br></div><div class="spacer battle-history"><br></div><div class="battle-history">Overqwil fainted!<br></div><div class="spacer battle-history"><br></div><div class="battle-history">[The opposing Zangoose's Poison Heal]<br><small>The opposing Zangoose had its HP restored.</small><br></div><div class="spacer battle-history"><br></div><div class="battle-history">Go! <strong>Solgaleo</strong>!<br></div><div class="battle-history">[Solgaleo's Intimidate]<br></div><div class="battle-history"><small>The opposing Zangoose's Attack fell!</small><br></div><div class="spacer battle-history"><br></div><h2 class="battle-history">Turn 9</h2><div class="spacer battle-history"><br></div><div class="battle-history">Solgaleo used <strong>Aura Sphere</strong>!<br></div><div class="battle-history"><small>It's super effective!</small><br></div><div class="battle-history"><small>(The opposing Zangoose lost 29% of its health!)</small><br></div><div class="spacer battle-history"><br></div><div class="battle-history">The opposing Zangoose fainted!<br></div><div class="spacer battle-history"><br></div><div class="battle-history">mintlyfresh sent out <strong>Omastar</strong>!<br></div><div class="battle-history"><small>The opposing Omastar was hurt by the spikes!</small><br></div><div class="spacer battle-history"><br></div><h2 class="battle-history">Turn 10</h2><div class="spacer battle-history"><br></div><div class="battle-history">Solgaleo used <strong>Aura Sphere</strong>!<br></div><div class="battle-history"><small>(The opposing Omastar lost 57% of its health!)</small><br></div><div class="spacer battle-history"><br></div><div class="battle-history">The opposing Omastar used <strong>Flip Turn</strong>!<br></div><div class="battle-history"><small>(Solgaleo lost <abbr title="−127/271">46.9%</abbr> of its health!)</small><br></div><div class="spacer battle-history"><br></div><div class="battle-history">mintlyfresh withdrew Omastar!<br></div><div class="battle-history">mintlyfresh sent out <strong>Dondozo</strong>!<br></div><div class="battle-history"><small>The opposing Dondozo was hurt by the spikes!</small><br></div><div class="spacer battle-history"><br></div><div class="battle-history"><small>The opposing Dondozo restored a little HP using its Leftovers!</small><br></div><div class="spacer battle-history"><br></div><h2 class="battle-history">Turn 11</h2><div class="spacer battle-history"><br></div><div class="battle-history">Solgaleo, come back!<br></div><div class="battle-history">Go! <strong>Virizion</strong>!<br></div><div class="spacer battle-history"><br></div><div class="battle-history">The opposing Dondozo used <strong>Order Up</strong>!<br></div><div class="battle-history"><small>It's not very effective...</small><br></div><div class="battle-history"><small>(Virizion lost <abbr title="−55/263">20.9%</abbr> of its health!)</small><br></div><div class="battle-history"><small>Virizion's Speed rose!</small><br></div><div class="spacer battle-history"><br></div><div class="battle-history"><small>The opposing Dondozo restored a little HP using its Leftovers!</small><br></div><div class="spacer battle-history"><br></div><h2 class="battle-history">Turn 12</h2><div class="chat chatmessage-mintlyfresh"><strong style="color:#0b9c21"><small>☆</small><span class="username" data-name="mintlyfresh">mintlyfresh</span>:</strong> <em>WH</em></div><div class="chat chatmessage-scoopapa mine"><strong style="color:#569509"><small>☆</small><span class="username" data-name="scoopapa">scoopapa</span>:</strong> <em>goddamnit</em></div><div class="chat chatmessage-scoopapa mine"><strong style="color:#569509"><small>☆</small><span class="username" data-name="scoopapa">scoopapa</span>:</strong> <em>what was the stat you were boosting?</em></div><div class="chat chatmessage-mintlyfresh"><strong style="color:#0b9c21"><small>☆</small><span class="username" data-name="mintlyfresh">mintlyfresh</span>:</strong> <em>spd</em></div><div class="chat chatmessage-mintlyfresh"><strong style="color:#0b9c21"><small>☆</small><span class="username" data-name="mintlyfresh">mintlyfresh</span>:</strong> <em>i think i boosted your highest stat lmao</em></div><div class="chat chatmessage-scoopapa mine"><strong style="color:#569509"><small>☆</small><span class="username" data-name="scoopapa">scoopapa</span>:</strong> <em>you did</em></div><div class="spacer battle-history"><br></div><div class="battle-history">Virizion used <strong>Anchor Shot</strong>!<br></div><div class="battle-history"><small>(The opposing Dondozo lost 52% of its health!)</small><br></div><div class="battle-history"><small>The opposing Dondozo can no longer escape!</small><br></div><div class="spacer battle-history"><br></div><div class="battle-history">The opposing Dondozo used <strong>Curse</strong>!<br></div><div class="battle-history"><small>The opposing Dondozo's Speed fell!</small><br></div><div class="battle-history"><small>The opposing Dondozo's Attack rose!</small><br></div><div class="battle-history"><small>The opposing Dondozo's Defense rose!</small><br></div><div class="spacer battle-history"><br></div><div class="battle-history"><small>The opposing Dondozo restored a little HP using its Leftovers!</small><br></div><div class="spacer battle-history"><br></div><h2 class="battle-history">Turn 13</h2><div class="chat chatmessage-scoopapa mine"><strong style="color:#569509"><small>☆</small><span class="username" data-name="scoopapa">scoopapa</span>:</strong> <em>i will play it out like you didn't</em></div><div class="spacer battle-history"><br></div><div class="battle-history">Virizion used <strong>Swords Dance</strong>!<br></div><div class="battle-history"><small>Virizion's Attack rose sharply!</small><br></div><div class="spacer battle-history"><br></div><div class="battle-history">The opposing Dondozo used <strong>Curse</strong>!<br></div><div class="battle-history"><small>The opposing Dondozo's Speed fell!</small><br></div><div class="battle-history"><small>The opposing Dondozo's Attack rose!</small><br></div><div class="battle-history"><small>The opposing Dondozo's Defense rose!</small><br></div><div class="spacer battle-history"><br></div><div class="battle-history"><small>The opposing Dondozo restored a little HP using its Leftovers!</small><br></div><div class="spacer battle-history"><br></div><h2 class="battle-history">Turn 14</h2><div class="spacer battle-history"><br></div><div class="battle-history">Virizion used <strong>Sacred Sword</strong>!<br></div><div class="battle-history"><small>(The opposing Dondozo lost 51% of its health!)</small><br></div><div class="spacer battle-history"><br></div><div class="battle-history">The opposing Dondozo used <strong>Order Up</strong>!<br></div><div class="battle-history"><small>It's not very effective...</small><br></div><div class="battle-history"><small>(Virizion lost <abbr title="−96/263">36.5%</abbr> of its health!)</small><br></div><div class="battle-history"><small>Virizion's Speed rose!</small><br></div><div class="spacer battle-history"><br></div><div class="battle-history"><small>The opposing Dondozo restored a little HP using its Leftovers!</small><br></div><div class="spacer battle-history"><br></div><h2 class="battle-history">Turn 15</h2><div class="spacer battle-history"><br></div><div class="battle-history">Virizion used <strong>Anchor Shot</strong>!<br></div><div class="battle-history"><small>(The opposing Dondozo lost 15% of its health!)</small><br></div><div class="spacer battle-history"><br></div><div class="battle-history">The opposing Dondozo fainted!<br></div><div class="spacer battle-history"><br></div><div class="battle-history">mintlyfresh sent out <strong>Virizion</strong>!<br></div><div class="battle-history"><small>The opposing Virizion was hurt by the spikes!</small><br></div><div class="spacer battle-history"><br></div><h2 class="battle-history">Turn 16</h2><div class="spacer battle-history"><br></div><div class="battle-history">Virizion, come back!<br></div><div class="battle-history">Go! <strong>Lumineon</strong>!<br></div><div class="spacer battle-history"><br></div><div class="battle-history">The opposing Virizion used <strong>Swords Dance</strong>!<br></div><div class="battle-history"><small>The opposing Virizion's Attack rose sharply!</small><br></div><div class="spacer battle-history"><br></div><div class="battle-history"><small>Lumineon was hurt by its burn!</small><br></div><div class="spacer battle-history"><br></div><h2 class="battle-history">Turn 17</h2><div class="spacer battle-history"><br></div><div class="battle-history">The opposing Virizion used <strong>Horn Leech</strong>!<br></div><div class="battle-history"><small>(Lumineon lost <abbr title="−284/384">74.0%</abbr> of its health!)</small><br></div><div class="battle-history"><small>Lumineon had its energy drained!</small><br></div><div class="battle-history"><small>The opposing Virizion lost some of its HP!</small><br></div><div class="spacer battle-history"><br></div><div class="battle-history">Lumineon fainted!<br></div><div class="spacer battle-history"><br></div><div class="battle-history">Go! <strong>Zangoose</strong>!<br></div><div class="spacer battle-history"><br></div><h2 class="battle-history">Turn 18</h2><div class="spacer battle-history"><br></div><div class="battle-history">mintlyfresh withdrew Virizion!<br></div><div class="battle-history">mintlyfresh sent out <strong>Onix</strong>!<br></div><div class="battle-history"><small>The opposing Onix was hurt by the spikes!</small><br></div><div class="spacer battle-history"><br></div><div class="battle-history">Zangoose used <strong>Pyro Ball</strong>!<br></div><div class="battle-history"><small>It's not very effective...</small><br></div><div class="battle-history"><small>(The opposing Onix lost 15% of its health!)</small><br></div><div class="battle-history"><small>Zangoose lost some of its HP!</small><br></div><div class="spacer battle-history"><br></div><h2 class="battle-history">Turn 19</h2><div class="spacer battle-history"><br></div><div class="battle-history">The opposing Onix used <strong>Earthquake</strong>!<br></div><div class="battle-history"><small>It's super effective!</small><br></div><div class="battle-history"><small>(Zangoose lost <abbr title="−271/301">90.0%</abbr> of its health!)</small><br></div><div class="battle-history"><small>The opposing Onix lost some of its HP!</small><br></div><div class="spacer battle-history"><br></div><div class="battle-history">Zangoose fainted!<br></div><div class="spacer battle-history"><br></div><div class="battle-history">Go! <strong>Solgaleo</strong>!<br></div><div class="battle-history">[Solgaleo's Intimidate]<br></div><div class="battle-history"><small>The opposing Onix's Attack fell!</small><br></div><div class="spacer battle-history"><br></div><h2 class="battle-history">Turn 20</h2><div class="spacer battle-history"><br></div><div class="battle-history">mintlyfresh withdrew Onix!<br></div><div class="battle-history">mintlyfresh sent out <strong>Talonflame</strong>!<br></div><div class="spacer battle-history"><br></div><div class="battle-history">Solgaleo used <strong>Aura Sphere</strong>!<br></div><div class="battle-history"><small>It's not very effective...</small><br></div><div class="battle-history"><small>(The opposing Talonflame lost 16% of its health!)</small><br></div><div class="spacer battle-history"><br></div><div class="battle-history">The opposing Talonflame fainted!<br></div><div class="spacer battle-history"><br></div><div class="battle-history">mintlyfresh sent out <strong>Virizion</strong>!<br></div><div class="battle-history"><small>The opposing Virizion was hurt by the spikes!</small><br></div><div class="spacer battle-history"><br></div><h2 class="battle-history">Turn 21</h2><div class="spacer battle-history"><br></div><div class="battle-history">Solgaleo, come back!<br></div><div class="battle-history">Go! <strong>Onix</strong>!<br></div><div class="spacer battle-history"><br></div><div class="battle-history">The opposing Virizion used <strong>Anchor Shot</strong>!<br></div><div class="battle-history"><small>It's super effective!</small><br></div><div class="battle-history"><small>(Onix lost <abbr title="−211/303">69.6%</abbr> of its health!)</small><br></div><div class="battle-history"><small>Onix can no longer escape!</small><br></div><div class="battle-history"><small>The opposing Virizion lost some of its HP!</small><br></div><div class="spacer battle-history"><br></div><h2 class="battle-history">Turn 22</h2><div class="chat chatmessage-scoopapa mine"><strong style="color:#569509"><small>☆</small><span class="username" data-name="scoopapa">scoopapa</span>:</strong> <em>yum</em></div><div class="spacer battle-history"><br></div><div class="battle-history">Onix used <strong>Head Smash</strong>!<br></div><div class="battle-history"><small>It's not very effective...</small><br></div><div class="battle-history"><small>(The opposing Virizion lost 67% of its health!)</small><br></div><div class="battle-history"><small>Onix was damaged by the recoil!</small><br></div><div class="spacer battle-history"><br></div><div class="battle-history">The opposing Virizion used <strong>Horn Leech</strong>!<br></div><div class="battle-history"><small>(Onix lost <abbr title="−4/303">1.3%</abbr> of its health!)</small><br></div><div class="battle-history"><small>Onix had its energy drained!</small><br></div><div class="battle-history"><small>The opposing Virizion lost some of its HP!</small><br></div><div class="spacer battle-history"><br></div><div class="battle-history">Onix fainted!<br></div><div class="battle-history">The opposing Virizion fainted!<br></div><div class="spacer battle-history"><br></div><div class="battle-history">Go! <strong>Solgaleo</strong>!<br></div><div class="spacer battle-history"><br></div><div class="battle-history">mintlyfresh sent out <strong>Omastar</strong>!<br></div><div class="battle-history">[Solgaleo's Intimidate]<br></div><div class="battle-history"><small>The opposing Omastar's Attack fell!</small><br></div><div class="battle-history"><small>The opposing Omastar was hurt by the spikes!</small><br></div><div class="spacer battle-history"><br></div><h2 class="battle-history">Turn 23</h2><div class="spacer battle-history"><br></div><div class="battle-history">Solgaleo used <strong>Aura Sphere</strong>!<br></div><div class="battle-history"><small>(The opposing Omastar lost 19% of its health!)</small><br></div><div class="spacer battle-history"><br></div><div class="battle-history">The opposing Omastar fainted!<br></div><div class="spacer battle-history"><br></div><div class="battle-history">mintlyfresh sent out <strong>Onix</strong>!<br></div><div class="battle-history"><small>The opposing Onix was hurt by the spikes!</small><br></div><div class="spacer battle-history"><br></div><h2 class="battle-history">Turn 24</h2><div class="spacer battle-history"><br></div><div class="battle-history">Solgaleo used <strong>Aura Sphere</strong>!<br></div><div class="battle-history"><small>It's super effective!</small><br></div><div class="battle-history"><small>(The opposing Onix lost 51% of its health!)</small><br></div><div class="spacer battle-history"><br></div><div class="battle-history">The opposing Onix fainted!<br></div><div class="spacer battle-history"><br></div><div class="battle-history"><strong>scoopapa</strong> won the battle!<br></div><div class="chat chatmessage-mintlyfresh"><strong style="color:#0b9c21"><small>☆</small><span class="username" data-name="mintlyfresh">mintlyfresh</span>:</strong> <em>gg</em></div><div class="chat chatmessage-scoopapa mine"><strong style="color:#569509"><small>☆</small><span class="username" data-name="scoopapa">scoopapa</span>:</strong> <em>gg sry bout the order up</em></div><div class="chat chatmessage-mintlyfresh"><strong style="color:#0b9c21"><small>☆</small><span class="username" data-name="mintlyfresh">mintlyfresh</span>:</strong> <em>nw man</em></div><div class="chat chatmessage-scoopapa mine"><strong style="color:#569509"><small>☆</small><span class="username" data-name="scoopapa">scoopapa</span>:</strong> <em>idt it mattered too much but</em></div><div class="chat chatmessage-scoopapa mine"><strong style="color:#569509"><small>☆</small><span class="username" data-name="scoopapa">scoopapa</span>:</strong> <em>always annoying</em></div></div><div class="inner-preempt message-log"></div></div></div>
</div>
<script>
let daily = Math.floor(Date.now()/1000/60/60/24);document.write('<script src="https://dragonheaven.herokuapp.com/js/replay-embed.js?version'+daily+'"></'+'script>');
</script>
