<!DOCTYPE html>
<meta charset="utf-8" />
<!-- version 1 -->
<title>[Gen 8] Megas for All replay: ASnomPlaysShowdown vs. Bekama</title>
<style>
html,body {font-family:Verdana, sans-serif;font-size:10pt;margin:0;padding:0;}body{padding:12px 0;} .battle-log {font-family:Verdana, sans-serif;font-size:10pt;} .battle-log-inline {border:1px solid #AAAAAA;background:#EEF2F5;color:black;max-width:640px;margin:0 auto 80px;padding-bottom:5px;} .battle-log .inner {padding:4px 8px 0px 8px;} .battle-log .inner-preempt {padding:0 8px 4px 8px;} .battle-log .inner-after {margin-top:0.5em;} .battle-log h2 {margin:0.5em -8px;padding:4px 8px;border:1px solid #AAAAAA;background:#E0E7EA;border-left:0;border-right:0;font-family:Verdana, sans-serif;font-size:13pt;} .battle-log .chat {vertical-align:middle;padding:3px 0 3px 0;font-size:8pt;} .battle-log .chat strong {color:#40576A;} .battle-log .chat em {padding:1px 4px 1px 3px;color:#000000;font-style:normal;} .chat.mine {background:rgba(0,0,0,0.05);margin-left:-8px;margin-right:-8px;padding-left:8px;padding-right:8px;} .spoiler {color:#BBBBBB;background:#BBBBBB;padding:0px 3px;} .spoiler:hover, .spoiler:active, .spoiler-shown {color:#000000;background:#E2E2E2;padding:0px 3px;} .spoiler a {color:#BBBBBB;} .spoiler:hover a, .spoiler:active a, .spoiler-shown a {color:#2288CC;} .chat code, .chat .spoiler:hover code, .chat .spoiler:active code, .chat .spoiler-shown code {border:1px solid #C0C0C0;background:#EEEEEE;color:black;padding:0 2px;} .chat .spoiler code {border:1px solid #CCCCCC;background:#CCCCCC;color:#CCCCCC;} .battle-log .rated {padding:3px 4px;} .battle-log .rated strong {color:white;background:#89A;padding:1px 4px;border-radius:4px;} .spacer {margin-top:0.5em;} .message-announce {background:#6688AA;color:white;padding:1px 4px 2px;} .message-announce a, .broadcast-green a, .broadcast-blue a, .broadcast-red a {color:#DDEEFF;} .broadcast-green {background-color:#559955;color:white;padding:2px 4px;} .broadcast-blue {background-color:#6688AA;color:white;padding:2px 4px;} .infobox {border:1px solid #6688AA;padding:2px 4px;} .infobox-limited {max-height:200px;overflow:auto;overflow-x:hidden;} .broadcast-red {background-color:#AA5544;color:white;padding:2px 4px;} .message-learn-canlearn {font-weight:bold;color:#228822;text-decoration:underline;} .message-learn-cannotlearn {font-weight:bold;color:#CC2222;text-decoration:underline;} .message-effect-weak {font-weight:bold;color:#CC2222;} .message-effect-resist {font-weight:bold;color:#6688AA;} .message-effect-immune {font-weight:bold;color:#666666;} .message-learn-list {margin-top:0;margin-bottom:0;} .message-throttle-notice, .message-error {color:#992222;} .message-overflow, .chat small.message-overflow {font-size:0pt;} .message-overflow::before {font-size:9pt;content:'...';} .subtle {color:#3A4A66;}
</style>
<div class="wrapper replay-wrapper" style="max-width:1180px;margin:0 auto">
<input type="hidden" name="replayid" value="dragonheaven-gen8megasforall-21" />
<div class="battle"></div><div class="battle-log"></div><div class="replay-controls"></div><div class="replay-controls-2"></div>
<h1 style="font-weight:normal;text-align:center"><strong>[Gen 8] Megas for All</strong><br /><a href="http://pokemonshowdown.com/users/asnomplaysshowdown" class="subtle" target="_blank">ASnomPlaysShowdown</a> vs. <a href="http://pokemonshowdown.com/users/bekama" class="subtle" target="_blank">Bekama</a></h1>
<script type="text/plain" class="battle-log-data">|j|☆ASnomPlaysShowdown

|j|☆Bekama
|t:|1655527565
|player|p1|ASnomPlaysShowdown|acetrainer|
|player|p2|Bekama|buck|
|teamsize|p1|6
|teamsize|p2|6
|gametype|singles
|gen|8
|tier|[Gen 8] Megas for All
|clearpoke
|poke|p1|Buzzwole|
|poke|p1|Heatran, F|
|poke|p1|Amoonguss, F|
|poke|p1|Weavile, M|
|poke|p1|Gliscor, F|
|poke|p1|Slowking, F|
|poke|p2|Noivern, M|
|poke|p2|Tapu Koko|
|poke|p2|Scizor, F|
|poke|p2|Rotom-Heat|
|poke|p2|Rillaboom, M|
|poke|p2|Urshifu-*, F|
|rule|HP Percentage Mod: HP is shown in percentages
|rule|Endless Battle Clause: Forcing endless battles is banned
|rule|OHKO Clause: OHKO moves are banned
|rule|Evasion Moves Clause: Evasion moves are banned
|rule|Species Clause: Limit one of each Pokémon
|rule|Dynamax Clause: You cannot dynamax
|rule|Sleep Clause Mod: Limit one foe put to sleep
|rule|Freeze Clause Mod: Limit one foe frozen
|raw|<img src="https:\/\/raw.githubusercontent.com\/scoopapa\/DH\/master\/data\/mods\/m4av6\/sprites\/m4a_banner.png" height="65" width="381">
|-message|Welcome to Megas for All!
|-message|This is a National Dex-based format where we aim to give a new Mega Evolution to every Pokémon.
|-message|Just like any official format, you can still only Mega Evolve one Pokémon per team!
|-message|You can find our thread and metagame resources here:
|-message|https:\/\/www.smogon.com\/forums\/threads\/3671140\/
|teampreview
|c|☆Bekama|glhf
|c|☆ASnomPlaysShowdown|u2!
|j|~DuoM2
|j|+analysis geek
|
|t:|1655527667
|start
|switch|p1a: Heatran|Heatran, F|333\/333
|switch|p2a: Urshifu-Rapid-Stri|Urshifu-Rapid-Strike, F|100\/100
|turn|1
|j|+Bobsican
|n|+Bobsican|bobsican
|
|t:|1655527699
|switch|p1a: Buzzwole|Buzzwole|417\/417
|move|p2a: Urshifu-Rapid-Stri|U-turn|p1a: Buzzwole
|-resisted|p1a: Buzzwole
|-damage|p1a: Buzzwole|391\/417
|-damage|p2a: Urshifu-Rapid-Stri|84\/100|[from] item: Rocky Helmet|[of] p1a: Buzzwole
|
|t:|1655527707
|switch|p2a: Oliver|Rotom-Heat|100\/100|[from]move: U-turn
|
|upkeep
|turn|2
|
|t:|1655527731
|switch|p1a: Gliscor|Gliscor, F|352\/352
|move|p2a: Oliver|Volt Switch|p1a: Gliscor
|-immune|p1a: Gliscor
|
|-status|p1a: Gliscor|tox|[from] item: Toxic Orb
|upkeep
|turn|3
|
|t:|1655527742
|switch|p2a: Poppy|Scizor, F|100\/100
|move|p1a: Gliscor|U-turn|p2a: Poppy
|-resisted|p2a: Poppy
|-damage|p2a: Poppy|94\/100
|
|t:|1655527747
|switch|p1a: Heatran|Heatran, F|333\/333
|
|-heal|p2a: Poppy|99\/100|[from] item: Leftovers
|upkeep
|turn|4
|j| trollface games
|
|t:|1655527759
|switch|p2a: Lennard|Noivern, M|100\/100
|-item|p1a: Heatran|Firium Z|[from] ability: Frisk|[of] p2a: Lennard|[identify]
|move|p1a: Heatran|Magma Storm|p2a: Lennard
|-resisted|p2a: Lennard
|-damage|p2a: Lennard|69\/100
|-activate|p2a: Lennard|move: Magma Storm|[of] p1a: Heatran
|
|-damage|p2a: Lennard|57\/100|[from] move: Magma Storm|[partiallytrapped]
|upkeep
|turn|5
|
|t:|1655527769
|detailschange|p2a: Lennard|Noivern-Mega, M
|-mega|p2a: Lennard|Noivern|Noivernite
|-start|p2a: Lennard|typechange|Psychic\/Dragon|[silent]
|raw|<ul class="utilichart"><li class="result"><span class="col pokemonnamecol" style="white-space: nowrap">Noivern-Mega<\/span> <span class="col typecol"><img src="https:\/\/dragonheaven.herokuapp.com\/sprites\/types\/Psychic.png" alt="Psychic" height="14" width="32"><img src="https:\/\/dragonheaven.herokuapp.com\/sprites\/types\/Dragon.png" alt="Dragon" height="14" width="32"><\/span> <span style="float: left ; min-height: 26px"><span class="col abilitycol">Trace<\/span><span class="col abilitycol"><\/span><\/span><span style="float: left ; min-height: 26px"><span class="col statcol"><em>HP<\/em><br>85<\/span> <span class="col statcol"><em>Atk<\/em><br>70<\/span> <span class="col statcol"><em>Def<\/em><br>95<\/span> <span class="col statcol"><em>SpA<\/em><br>120<\/span> <span class="col statcol"><em>SpD<\/em><br>95<\/span> <span class="col statcol"><em>Spe<\/em><br>170<\/span> <\/span><\/li><li style="clear: both"><\/li><\/ul>
|-hint|Noivern-Mega was submitted by BitBitio!
|-ability|p2a: Lennard|Flash Fire|[from] ability: Trace|[of] p1a: Heatran
|move|p2a: Lennard|Roost|p2a: Lennard
|-heal|p2a: Lennard|100\/100
|-singleturn|p2a: Lennard|move: Roost
|move|p1a: Heatran|Earth Power|p2a: Lennard
|-damage|p2a: Lennard|68\/100
|
|-damage|p2a: Lennard|56\/100|[from] move: Magma Storm|[partiallytrapped]
|upkeep
|turn|6
|
|t:|1655527786
|move|p2a: Lennard|Draco Meteor|p1a: Heatran
|-resisted|p1a: Heatran
|-damage|p1a: Heatran|225\/333
|-unboost|p2a: Lennard|spa|2
|move|p1a: Heatran|Stealth Rock|p2a: Lennard
|-sidestart|p2: Bekama|move: Stealth Rock
|
|-damage|p2a: Lennard|44\/100|[from] move: Magma Storm|[partiallytrapped]
|upkeep
|turn|7
|
|t:|1655527818
|move|p2a: Lennard|U-turn|p1a: Heatran
|-resisted|p1a: Heatran
|-damage|p1a: Heatran|216\/333
|
|t:|1655527821
|switch|p2a: Oliver|Rotom-Heat|100\/100|[from]move: U-turn
|move|p1a: Heatran|Earth Power|p2a: Oliver
|-immune|p2a: Oliver|[from] ability: Levitate
|
|upkeep
|turn|8
|
|t:|1655527829
|switch|p1a: Gliscor|Gliscor, F|352\/352 tox
|move|p2a: Oliver|Defog|p1a: Gliscor
|-unboost|p1a: Gliscor|evasion|1
|-sideend|p2: Bekama|Stealth Rock|[from] move: Defog|[of] p2a: Oliver
|
|upkeep
|turn|9
|
|t:|1655527871
|move|p2a: Oliver|Volt Switch|p1a: Gliscor
|-immune|p1a: Gliscor
|move|p1a: Gliscor|U-turn|p2a: Oliver
|-resisted|p2a: Oliver
|-damage|p2a: Oliver|93\/100
|j|~SCOOPAPA
|
|t:|1655527890
|switch|p1a: Slowking|Slowking, F|394\/394
|
|upkeep
|turn|10
|
|t:|1655527915
|switch|p2a: Lennard|Noivern-Mega, M|44\/100
|-start|p2a: Lennard|typechange|Psychic\/Dragon|[silent]
|-ability|p2a: Lennard|Regenerator|[from] ability: Trace|[of] p1a: Slowking
|detailschange|p1a: Slowking|Slowking-Mega, F
|-mega|p1a: Slowking|Slowking|Slowkinite
|-ability|p1a: Slowking|Counter-Clockwise Spiral
|-fieldstart|move: Trick Room|[of] p1a: Slowking
|-hint|Counter-Clockwise Spiral doesn't wear off until the user leaves the field!
|-start|p1a: Slowking|typechange|Water\/Psychic|[silent]
|raw|<ul class="utilichart"><li class="result"><span class="col pokemonnamecol" style="white-space: nowrap">Slowking-Mega<\/span> <span class="col typecol"><img src="https:\/\/dragonheaven.herokuapp.com\/sprites\/types\/Water.png" alt="Water" height="14" width="32"><img src="https:\/\/dragonheaven.herokuapp.com\/sprites\/types\/Psychic.png" alt="Psychic" height="14" width="32"><\/span> <span style="float: left ; min-height: 26px"><span class="col abilitycol">Counter-Clockwise Spiral<\/span><span class="col abilitycol"><\/span><\/span><span style="float: left ; min-height: 26px"><span class="col statcol"><em>HP<\/em><br>95<\/span> <span class="col statcol"><em>Atk<\/em><br>75<\/span> <span class="col statcol"><em>Def<\/em><br>80<\/span> <span class="col statcol"><em>SpA<\/em><br>110<\/span> <span class="col statcol"><em>SpD<\/em><br>110<\/span> <span class="col statcol"><em>Spe<\/em><br>120<\/span> <\/span><\/li><li style="clear: both"><\/li><\/ul>
|-hint|Slowking-Mega was submitted by Hematite!
|move|p1a: Slowking|Scald|p2a: Lennard
|-resisted|p2a: Lennard
|-damage|p2a: Lennard|28\/100
|
|upkeep
|turn|11
|l|~DuoM2
|
|t:|1655527941
|switch|p2a: Jude|Rillaboom, M|100\/100
|-fieldstart|move: Grassy Terrain|[from] ability: Grassy Surge|[of] p2a: Jude
|move|p1a: Slowking|Scald|p2a: Jude
|-resisted|p2a: Jude
|-damage|p2a: Jude|80\/100
|
|-heal|p2a: Jude|86\/100|[from] Grassy Terrain
|upkeep
|turn|12
|
|t:|1655527959
|-fieldend|move: Trick Room
|switch|p1a: Buzzwole|Buzzwole|391\/417
|move|p2a: Jude|High Horsepower|p1a: Buzzwole|[miss]
|-miss|p2a: Jude|p1a: Buzzwole
|
|-heal|p2a: Jude|92\/100|[from] Grassy Terrain
|-heal|p1a: Buzzwole|417\/417|[from] Grassy Terrain
|upkeep
|turn|13
|
|t:|1655527972
|switch|p2a: Oliver|Rotom-Heat|93\/100
|move|p1a: Buzzwole|Toxic|p2a: Oliver
|-status|p2a: Oliver|tox
|
|-damage|p2a: Oliver|87\/100 tox|[from] psn
|upkeep
|turn|14
|
|t:|1655527986
|switch|p2a: Urshifu-Rapid-Stri|Urshifu-Rapid-Strike, F|84\/100
|switch|p1a: Gliscor|Gliscor, F|352\/352 tox
|
|-heal|p2a: Urshifu-Rapid-Stri|90\/100|[from] Grassy Terrain
|upkeep
|turn|15
|
|t:|1655527995
|switch|p1a: Buzzwole|Buzzwole|417\/417
|move|p2a: Urshifu-Rapid-Stri|Stone Edge|p1a: Buzzwole
|-damage|p1a: Buzzwole|338\/417
|
|-heal|p2a: Urshifu-Rapid-Stri|96\/100|[from] Grassy Terrain
|-heal|p1a: Buzzwole|364\/417|[from] Grassy Terrain
|-fieldend|move: Grassy Terrain
|upkeep
|turn|16
|
|t:|1655528004
|switch|p2a: Poppy|Scizor, F|99\/100
|move|p1a: Buzzwole|Ice Punch|p2a: Poppy
|-resisted|p2a: Poppy
|-damage|p2a: Poppy|91\/100
|
|-heal|p2a: Poppy|97\/100|[from] item: Leftovers
|upkeep
|turn|17
|
|t:|1655528012
|move|p1a: Buzzwole|Drain Punch|p2a: Poppy
|-damage|p2a: Poppy|66\/100
|-heal|p1a: Buzzwole|417\/417|[from] drain|[of] p2a: Poppy
|move|p2a: Poppy|Swords Dance|p2a: Poppy
|-boost|p2a: Poppy|atk|2
|
|-heal|p2a: Poppy|72\/100|[from] item: Leftovers
|upkeep
|turn|18
|j| qgqhkjs
|l|+analysis geek
|
|t:|1655528044
|switch|p1a: Heatran|Heatran, F|216\/333
|move|p2a: Poppy|Roost|p2a: Poppy
|-heal|p2a: Poppy|100\/100
|-singleturn|p2a: Poppy|move: Roost
|
|upkeep
|turn|19
|j|+Gekokeso
|
|t:|1655528057
|move|p1a: Heatran|Magma Storm|p2a: Poppy
|-supereffective|p2a: Poppy
|-damage|p2a: Poppy|0 fnt
|faint|p2a: Poppy
|
|upkeep
|
|t:|1655528060
|switch|p2a: Lennard|Noivern-Mega, M|61\/100
|-start|p2a: Lennard|typechange|Psychic\/Dragon|[silent]
|-ability|p2a: Lennard|Flash Fire|[from] ability: Trace|[of] p1a: Heatran
|turn|20
|
|t:|1655528076
|switch|p1a: Slowking|Slowking-Mega, F|394\/394
|-start|p1a: Slowking|typechange|Water\/Psychic|[silent]
|-ability|p1a: Slowking|Counter-Clockwise Spiral
|-fieldstart|move: Trick Room|[of] p1a: Slowking
|-hint|Counter-Clockwise Spiral doesn't wear off until the user leaves the field!
|move|p2a: Lennard|Roost|p2a: Lennard
|-heal|p2a: Lennard|100\/100
|-singleturn|p2a: Lennard|move: Roost
|
|upkeep
|turn|21
|
|t:|1655528085
|move|p1a: Slowking|Calm Mind|p1a: Slowking
|-boost|p1a: Slowking|spa|1
|-boost|p1a: Slowking|spd|1
|move|p2a: Lennard|U-turn|p1a: Slowking
|-supereffective|p1a: Slowking
|-damage|p1a: Slowking|328\/394
|
|t:|1655528092
|switch|p2a: Jude|Rillaboom, M|92\/100|[from]move: U-turn
|-fieldstart|move: Grassy Terrain|[from] ability: Grassy Surge|[of] p2a: Jude
|
|-heal|p1a: Slowking|352\/394|[from] Grassy Terrain
|-heal|p2a: Jude|98\/100|[from] Grassy Terrain
|upkeep
|turn|22
|
|t:|1655528104
|-fieldend|move: Trick Room
|switch|p1a: Buzzwole|Buzzwole|417\/417
|move|p2a: Jude|U-turn|p1a: Buzzwole
|-resisted|p1a: Buzzwole
|-damage|p1a: Buzzwole|378\/417
|-damage|p2a: Jude|82\/100|[from] item: Rocky Helmet|[of] p1a: Buzzwole
|
|t:|1655528120
|switch|p2a: Kai|Tapu Koko, shiny|100\/100|[from]move: U-turn
|-fieldstart|move: Electric Terrain|[from] ability: Electric Surge|[of] p2a: Kai
|
|upkeep
|turn|23
|
|t:|1655528131
|switch|p1a: Amoonguss|Amoonguss, F|431\/431
|move|p2a: Kai|Dazzling Gleam|p1a: Amoonguss
|-resisted|p1a: Amoonguss
|-damage|p1a: Amoonguss|375\/431
|
|-heal|p1a: Amoonguss|401\/431|[from] item: Black Sludge
|upkeep
|turn|24
|
|t:|1655528143
|switch|p1a: Gliscor|Gliscor, F|352\/352 tox
|move|p2a: Kai|U-turn|p1a: Gliscor
|-resisted|p1a: Gliscor
|-damage|p1a: Gliscor|327\/352 tox
|
|t:|1655528151
|switch|p2a: Urshifu-Rapid-Stri|Urshifu-Rapid-Strike, F|96\/100|[from]move: U-turn
|
|-heal|p1a: Gliscor|352\/352 tox|[from] ability: Poison Heal
|upkeep
|turn|25
|
|t:|1655528157
|switch|p2a: Lennard|Noivern-Mega, M|100\/100
|-start|p2a: Lennard|typechange|Psychic\/Dragon|[silent]
|-ability|p2a: Lennard|Poison Heal|[from] ability: Trace|[of] p1a: Gliscor
|switch|p1a: Buzzwole|Buzzwole|378\/417
|
|upkeep
|turn|26
|
|t:|1655528170
|switch|p1a: Slowking|Slowking-Mega, F|352\/394
|-start|p1a: Slowking|typechange|Water\/Psychic|[silent]
|-ability|p1a: Slowking|Counter-Clockwise Spiral
|-fieldstart|move: Trick Room|[of] p1a: Slowking
|-hint|Counter-Clockwise Spiral doesn't wear off until the user leaves the field!
|move|p2a: Lennard|Draco Meteor|p1a: Slowking
|-damage|p1a: Slowking|130\/394
|-unboost|p2a: Lennard|spa|2
|
|-fieldend|move: Electric Terrain
|upkeep
|turn|27
|
|t:|1655528180
|move|p1a: Slowking|Slack Off|p1a: Slowking
|-heal|p1a: Slowking|327\/394
|move|p2a: Lennard|U-turn|p1a: Slowking
|-supereffective|p1a: Slowking
|-damage|p1a: Slowking|267\/394
|
|t:|1655528186
|switch|p2a: Jude|Rillaboom, M|82\/100|[from]move: U-turn
|-fieldstart|move: Grassy Terrain|[from] ability: Grassy Surge|[of] p2a: Jude
|
|-heal|p1a: Slowking|291\/394|[from] Grassy Terrain
|-heal|p2a: Jude|88\/100|[from] Grassy Terrain
|upkeep
|turn|28
|
|t:|1655528197
|-fieldend|move: Trick Room
|switch|p1a: Buzzwole|Buzzwole|378\/417
|move|p2a: Jude|U-turn|p1a: Buzzwole
|-resisted|p1a: Buzzwole
|-damage|p1a: Buzzwole|338\/417
|-damage|p2a: Jude|72\/100|[from] item: Rocky Helmet|[of] p1a: Buzzwole
|
|t:|1655528203
|switch|p2a: Lennard|Noivern-Mega, M|100\/100|[from]move: U-turn
|-start|p2a: Lennard|typechange|Psychic\/Dragon|[silent]
|-ability|p2a: Lennard|Beast Boost|[from] ability: Trace|[of] p1a: Buzzwole
|
|-heal|p1a: Buzzwole|364\/417|[from] Grassy Terrain
|upkeep
|turn|29
|
|t:|1655528214
|switch|p1a: Amoonguss|Amoonguss, F|431\/431
|move|p2a: Lennard|Draco Meteor|p1a: Amoonguss
|-damage|p1a: Amoonguss|220\/431
|-unboost|p2a: Lennard|spa|2
|
|-heal|p1a: Amoonguss|246\/431|[from] item: Black Sludge
|-heal|p1a: Amoonguss|272\/431|[from] Grassy Terrain
|upkeep
|turn|30
|
|t:|1655528224
|move|p2a: Lennard|U-turn|p1a: Amoonguss
|-damage|p1a: Amoonguss|229\/431
|
|t:|1655528236
|switch|p2a: Oliver|Rotom-Heat|87\/100 tox|[from]move: U-turn
|move|p1a: Amoonguss|Clear Smog|p2a: Oliver
|-damage|p2a: Oliver|72\/100 tox
|-clearboost|p2a: Oliver
|
|-heal|p1a: Amoonguss|255\/431|[from] item: Black Sludge
|-heal|p1a: Amoonguss|281\/431|[from] Grassy Terrain
|-damage|p2a: Oliver|65\/100 tox|[from] psn
|upkeep
|turn|31
|
|t:|1655528251
|switch|p1a: Gliscor|Gliscor, F|352\/352 tox
|move|p2a: Oliver|Overheat|p1a: Gliscor
|-damage|p1a: Gliscor|192\/352 tox
|-unboost|p2a: Oliver|spa|2
|
|-fieldend|move: Grassy Terrain
|-damage|p2a: Oliver|53\/100 tox|[from] psn
|-heal|p1a: Gliscor|236\/352 tox|[from] ability: Poison Heal
|upkeep
|turn|32
|j|+anique
|
|t:|1655528266
|move|p2a: Oliver|Pain Split|p1a: Gliscor
|-sethp|p1a: Gliscor|197\/352 tox|[from] move: Pain Split|[silent]
|-sethp|p2a: Oliver|65\/100 tox|[from] move: Pain Split
|move|p1a: Gliscor|U-turn|p2a: Oliver
|-resisted|p2a: Oliver
|-damage|p2a: Oliver|58\/100 tox
|
|t:|1655528271
|switch|p1a: Weavile|Weavile, M|281\/281
|-ability|p1a: Weavile|Pressure
|
|-damage|p2a: Oliver|39\/100 tox|[from] psn
|upkeep
|turn|33
|
|t:|1655528280
|switch|p2a: Urshifu-Rapid-Stri|Urshifu-Rapid-Strike, F|96\/100
|move|p1a: Weavile|Knock Off|p2a: Urshifu-Rapid-Stri
|-resisted|p2a: Urshifu-Rapid-Stri
|-damage|p2a: Urshifu-Rapid-Stri|63\/100
|-enditem|p2a: Urshifu-Rapid-Stri|Choice Scarf|[from] move: Knock Off|[of] p1a: Weavile
|
|upkeep
|turn|34
|
|t:|1655528290
|switch|p1a: Buzzwole|Buzzwole|364\/417
|move|p2a: Urshifu-Rapid-Stri|Stone Edge|p1a: Buzzwole
|-damage|p1a: Buzzwole|287\/417
|
|upkeep
|turn|35
|
|t:|1655528308
|move|p2a: Urshifu-Rapid-Stri|Stone Edge|p1a: Buzzwole|[miss]
|-miss|p2a: Urshifu-Rapid-Stri|p1a: Buzzwole
|move|p1a: Buzzwole|Roost|p1a: Buzzwole
|-heal|p1a: Buzzwole|417\/417
|-singleturn|p1a: Buzzwole|move: Roost
|
|upkeep
|turn|36
|
|t:|1655528314
|switch|p2a: Lennard|Noivern-Mega, M|100\/100
|-start|p2a: Lennard|typechange|Psychic\/Dragon|[silent]
|-ability|p2a: Lennard|Beast Boost|[from] ability: Trace|[of] p1a: Buzzwole
|move|p1a: Buzzwole|Ice Punch|p2a: Lennard
|-supereffective|p2a: Lennard
|-damage|p2a: Lennard|54\/100
|
|upkeep
|turn|37
|
|t:|1655528323
|switch|p1a: Amoonguss|Amoonguss, F|424\/431
|move|p2a: Lennard|Flamethrower|p1a: Amoonguss
|-supereffective|p1a: Amoonguss
|-damage|p1a: Amoonguss|244\/431
|
|-heal|p1a: Amoonguss|270\/431|[from] item: Black Sludge
|upkeep
|turn|38
|
|t:|1655528334
|switch|p1a: Slowking|Slowking-Mega, F|291\/394
|-start|p1a: Slowking|typechange|Water\/Psychic|[silent]
|-ability|p1a: Slowking|Counter-Clockwise Spiral
|-fieldstart|move: Trick Room|[of] p1a: Slowking
|-hint|Counter-Clockwise Spiral doesn't wear off until the user leaves the field!
|move|p2a: Lennard|Roost|p2a: Lennard
|-heal|p2a: Lennard|100\/100
|-singleturn|p2a: Lennard|move: Roost
|
|upkeep
|turn|39
|
|t:|1655528348
|move|p1a: Slowking|Slack Off|p1a: Slowking
|-heal|p1a: Slowking|394\/394
|move|p2a: Lennard|U-turn|p1a: Slowking
|-supereffective|p1a: Slowking
|-damage|p1a: Slowking|334\/394
|
|t:|1655528360
|switch|p2a: Jude|Rillaboom, M|72\/100|[from]move: U-turn
|-fieldstart|move: Grassy Terrain|[from] ability: Grassy Surge|[of] p2a: Jude
|
|-heal|p1a: Slowking|358\/394|[from] Grassy Terrain
|-heal|p2a: Jude|78\/100|[from] Grassy Terrain
|upkeep
|turn|40
|
|t:|1655528366
|-fieldend|move: Trick Room
|switch|p1a: Buzzwole|Buzzwole|417\/417
|move|p2a: Jude|Wood Hammer|p1a: Buzzwole
|-resisted|p1a: Buzzwole
|-damage|p1a: Buzzwole|273\/417
|-damage|p2a: Jude|61\/100|[from] item: Rocky Helmet|[of] p1a: Buzzwole
|-damage|p2a: Jude|47\/100|[from] Recoil
|
|-heal|p2a: Jude|54\/100|[from] Grassy Terrain
|-heal|p1a: Buzzwole|299\/417|[from] Grassy Terrain
|upkeep
|turn|41
|
|t:|1655528380
|switch|p2a: Oliver|Rotom-Heat|39\/100 tox
|move|p1a: Buzzwole|Ice Punch|p2a: Oliver
|-resisted|p2a: Oliver
|-damage|p2a: Oliver|27\/100 tox
|
|-heal|p1a: Buzzwole|325\/417|[from] Grassy Terrain
|-damage|p2a: Oliver|21\/100 tox|[from] psn
|upkeep
|turn|42
|l|+Gekokeso
|
|t:|1655528391
|switch|p1a: Slowking|Slowking-Mega, F|358\/394
|-start|p1a: Slowking|typechange|Water\/Psychic|[silent]
|-ability|p1a: Slowking|Counter-Clockwise Spiral
|-fieldstart|move: Trick Room|[of] p1a: Slowking
|-hint|Counter-Clockwise Spiral doesn't wear off until the user leaves the field!
|move|p2a: Oliver|Volt Switch|p1a: Slowking
|-supereffective|p1a: Slowking
|-damage|p1a: Slowking|202\/394
|
|t:|1655528406
|switch|p2a: Kai|Tapu Koko, shiny|100\/100|[from]move: Volt Switch
|-fieldstart|move: Electric Terrain|[from] ability: Electric Surge|[of] p2a: Kai
|
|upkeep
|turn|43
|
|t:|1655528415
|-fieldend|move: Trick Room
|switch|p1a: Amoonguss|Amoonguss, F|413\/431
|move|p2a: Kai|Thunderbolt|p1a: Amoonguss
|-resisted|p1a: Amoonguss
|-damage|p1a: Amoonguss|328\/431
|
|-heal|p1a: Amoonguss|354\/431|[from] item: Black Sludge
|upkeep
|turn|44
|
|t:|1655528427
|move|p2a: Kai|U-turn|p1a: Amoonguss
|-damage|p1a: Amoonguss|283\/431
|
|t:|1655528439
|switch|p2a: Oliver|Rotom-Heat|21\/100 tox|[from]move: U-turn
|move|p1a: Amoonguss|Clear Smog|p2a: Oliver
|-crit|p2a: Oliver
|-damage|p2a: Oliver|0 fnt
|-clearboost|p2a: Oliver
|faint|p2a: Oliver
|
|-heal|p1a: Amoonguss|309\/431|[from] item: Black Sludge
|upkeep
|
|t:|1655528450
|switch|p2a: Lennard|Noivern-Mega, M|100\/100
|-start|p2a: Lennard|typechange|Psychic\/Dragon|[silent]
|-ability|p2a: Lennard|Regenerator|[from] ability: Trace|[of] p1a: Amoonguss
|turn|45
|c|+Bobsican|Did the crit matter?
|c|☆ASnomPlaysShowdown|idts
|c|+anique|no
|c|☆ASnomPlaysShowdown|since toxic poison
|
|t:|1655528468
|switch|p1a: Heatran|Heatran, F|216\/333
|move|p2a: Lennard|Draco Meteor|p1a: Heatran
|-resisted|p1a: Heatran
|-damage|p1a: Heatran|105\/333
|-unboost|p2a: Lennard|spa|2
|
|upkeep
|turn|46
|c| trollface games|0 SpA Amoonguss Clear Smog vs. 248 HP \/ 0 SpD Rotom-Heat: 45-54 (14.8 - 17.8%) -- possible 6HKO
|c| trollface games|should have killed w\/ toxic yes
|
|t:|1655528489
|move|p2a: Lennard|U-turn|p1a: Heatran
|-resisted|p1a: Heatran
|-damage|p1a: Heatran|97\/333
|
|t:|1655528498
|switch|p2a: Kai|Tapu Koko, shiny|100\/100|[from]move: U-turn
|move|p1a: Heatran|Magma Storm|p2a: Kai
|-damage|p2a: Kai|13\/100
|-activate|p2a: Kai|move: Magma Storm|[of] p1a: Heatran
|
|-damage|p2a: Kai|0 fnt|[from] move: Magma Storm|[partiallytrapped]
|faint|p2a: Kai
|-fieldend|move: Electric Terrain
|upkeep
|c|+Bobsican|Unless lol Volt Switch
|
|t:|1655528522
|switch|p2a: Urshifu-Rapid-Stri|Urshifu-Rapid-Strike, F|63\/100
|turn|47
|
|t:|1655528536
|switch|p1a: Amoonguss|Amoonguss, F|431\/431
|move|p2a: Urshifu-Rapid-Stri|Surging Strikes|p1a: Amoonguss
|-resisted|p1a: Amoonguss
|-crit|p1a: Amoonguss
|-damage|p1a: Amoonguss|392\/431
|-resisted|p1a: Amoonguss
|-crit|p1a: Amoonguss
|-damage|p1a: Amoonguss|354\/431
|-resisted|p1a: Amoonguss
|-crit|p1a: Amoonguss
|-damage|p1a: Amoonguss|309\/431
|-hitcount|p1a: Amoonguss|3
|
|-heal|p1a: Amoonguss|335\/431|[from] item: Black Sludge
|upkeep
|turn|48
|
|t:|1655528544
|move|p2a: Urshifu-Rapid-Stri|U-turn|p1a: Amoonguss
|-crit|p1a: Amoonguss
|-damage|p1a: Amoonguss|190\/431
|
|t:|1655528548
|switch|p2a: Lennard|Noivern-Mega, M|100\/100|[from]move: U-turn
|-start|p2a: Lennard|typechange|Psychic\/Dragon|[silent]
|-ability|p2a: Lennard|Regenerator|[from] ability: Trace|[of] p1a: Amoonguss
|move|p1a: Amoonguss|Spore|p2a: Lennard
|-status|p2a: Lennard|slp|[from] move: Spore
|
|-heal|p1a: Amoonguss|216\/431|[from] item: Black Sludge
|upkeep
|turn|49
|j|+zxgzxg
|
|t:|1655528567
|switch|p1a: Weavile|Weavile, M|281\/281
|-ability|p1a: Weavile|Pressure
|cant|p2a: Lennard|slp
|
|upkeep
|turn|50
|
|t:|1655528590
|-curestatus|p2a: Lennard|slp|[msg]
|move|p2a: Lennard|Flamethrower|p1a: Weavile
|-supereffective|p1a: Weavile
|-damage|p1a: Weavile|13\/281
|move|p1a: Weavile|Knock Off|p2a: Lennard
|-supereffective|p2a: Lennard
|-damage|p2a: Lennard|7\/100
|
|upkeep
|turn|51
|
|t:|1655528620
|move|p2a: Lennard|U-turn|p1a: Weavile
|-supereffective|p1a: Weavile
|-damage|p1a: Weavile|0 fnt
|faint|p1a: Weavile
|j|+Gekokeso
|
|t:|1655528625
|switch|p2a: Jude|Rillaboom, M|54\/100|[from]move: U-turn
|-fieldstart|move: Grassy Terrain|[from] ability: Grassy Surge|[of] p2a: Jude
|
|-heal|p2a: Jude|60\/100|[from] Grassy Terrain
|upkeep
|
|t:|1655528628
|switch|p1a: Buzzwole|Buzzwole|325\/417
|turn|52
|
|t:|1655528650
|move|p2a: Jude|U-turn|p1a: Buzzwole
|-resisted|p1a: Buzzwole
|-damage|p1a: Buzzwole|287\/417
|-damage|p2a: Jude|43\/100|[from] item: Rocky Helmet|[of] p1a: Buzzwole
|
|t:|1655528654
|switch|p2a: Urshifu-Rapid-Stri|Urshifu-Rapid-Strike, F|63\/100|[from]move: U-turn
|move|p1a: Buzzwole|Drain Punch|p2a: Urshifu-Rapid-Stri
|-damage|p2a: Urshifu-Rapid-Stri|27\/100
|-heal|p1a: Buzzwole|348\/417|[from] drain|[of] p2a: Urshifu-Rapid-Stri
|
|-heal|p2a: Urshifu-Rapid-Stri|34\/100|[from] Grassy Terrain
|-heal|p1a: Buzzwole|374\/417|[from] Grassy Terrain
|upkeep
|turn|53
|c|☆ASnomPlaysShowdown|shoulda went for shard
|c|+Bobsican|It wasn't CB? rip
|c|☆ASnomPlaysShowdown|it was
|
|t:|1655528687
|move|p2a: Urshifu-Rapid-Stri|Surging Strikes|p1a: Buzzwole
|-crit|p1a: Buzzwole
|-damage|p1a: Buzzwole|335\/417
|-damage|p2a: Urshifu-Rapid-Stri|17\/100|[from] item: Rocky Helmet|[of] p1a: Buzzwole
|-crit|p1a: Buzzwole
|-damage|p1a: Buzzwole|295\/417
|-damage|p2a: Urshifu-Rapid-Stri|1\/100|[from] item: Rocky Helmet|[of] p1a: Buzzwole
|-crit|p1a: Buzzwole
|-damage|p1a: Buzzwole|255\/417
|-damage|p2a: Urshifu-Rapid-Stri|0 fnt|[from] item: Rocky Helmet|[of] p1a: Buzzwole
|-hitcount|p1a: Buzzwole|3
|faint|p2a: Urshifu-Rapid-Stri
|move|p1a: Buzzwole|Drain Punch|p2: Urshifu-Rapid-Stri|[notarget]
|-fail|p1a: Buzzwole
|
|-heal|p1a: Buzzwole|281\/417|[from] Grassy Terrain
|upkeep
|
|t:|1655528692
|switch|p2a: Lennard|Noivern-Mega, M|40\/100
|-start|p2a: Lennard|typechange|Psychic\/Dragon|[silent]
|-ability|p2a: Lennard|Beast Boost|[from] ability: Trace|[of] p1a: Buzzwole
|turn|54
|
|t:|1655528702
|switch|p1a: Gliscor|Gliscor, F|197\/352 tox
|move|p2a: Lennard|Flamethrower|p1a: Gliscor
|-damage|p1a: Gliscor|87\/352 tox
|
|-heal|p2a: Lennard|47\/100|[from] Grassy Terrain
|-heal|p1a: Gliscor|131\/352 tox|[from] ability: Poison Heal
|upkeep
|turn|55
|
|t:|1655528720
|move|p2a: Lennard|Draco Meteor|p1a: Gliscor
|-damage|p1a: Gliscor|0 fnt
|-unboost|p2a: Lennard|spa|2
|faint|p1a: Gliscor
|-ability|p2a: Lennard|Beast Boost|boost
|-boost|p2a: Lennard|spe|1
|
|-heal|p2a: Lennard|53\/100|[from] Grassy Terrain
|-fieldend|move: Grassy Terrain
|upkeep
|
|t:|1655528730
|switch|p1a: Heatran|Heatran, F|97\/333
|turn|56
|l|+anique
|
|t:|1655528735
|move|p2a: Lennard|Roost|p2a: Lennard
|-heal|p2a: Lennard|100\/100
|-singleturn|p2a: Lennard|move: Roost
|move|p1a: Heatran|Magma Storm|p2a: Lennard|[miss]
|-miss|p1a: Heatran|p2a: Lennard
|
|upkeep
|turn|57
|c|+Gekokeso|Alright Bekama
|
|t:|1655528746
|move|p2a: Lennard|Draco Meteor|p1a: Heatran
|-resisted|p1a: Heatran
|-damage|p1a: Heatran|39\/333
|-unboost|p2a: Lennard|spa|2
|move|p1a: Heatran|Magma Storm|p2a: Lennard|[miss]
|-miss|p1a: Heatran|p2a: Lennard
|
|upkeep
|turn|58
|c|+Gekokeso|Just repeat that
|
|t:|1655528759
|switch|p1a: Amoonguss|Amoonguss, F|359\/431
|move|p2a: Lennard|U-turn|p1a: Amoonguss
|-damage|p1a: Amoonguss|313\/431
|
|t:|1655528764
|switch|p2a: Jude|Rillaboom, M|43\/100|[from]move: U-turn
|-fieldstart|move: Grassy Terrain|[from] ability: Grassy Surge|[of] p2a: Jude
|
|-heal|p2a: Jude|49\/100|[from] Grassy Terrain
|-heal|p1a: Amoonguss|339\/431|[from] item: Black Sludge
|-heal|p1a: Amoonguss|365\/431|[from] Grassy Terrain
|upkeep
|turn|59
|
|t:|1655528778
|switch|p1a: Buzzwole|Buzzwole|281\/417
|move|p2a: Jude|U-turn|p1a: Buzzwole
|-resisted|p1a: Buzzwole
|-damage|p1a: Buzzwole|238\/417
|-damage|p2a: Jude|33\/100|[from] item: Rocky Helmet|[of] p1a: Buzzwole
|
|t:|1655528784
|switch|p2a: Lennard|Noivern-Mega, M|100\/100|[from]move: U-turn
|-start|p2a: Lennard|typechange|Psychic\/Dragon|[silent]
|-ability|p2a: Lennard|Beast Boost|[from] ability: Trace|[of] p1a: Buzzwole
|
|-heal|p1a: Buzzwole|264\/417|[from] Grassy Terrain
|upkeep
|turn|60
|
|t:|1655528801
|switch|p1a: Amoonguss|Amoonguss, F|431\/431
|move|p2a: Lennard|Flamethrower|p1a: Amoonguss
|-supereffective|p1a: Amoonguss
|-damage|p1a: Amoonguss|227\/431
|-status|p1a: Amoonguss|brn
|
|-heal|p1a: Amoonguss|253\/431 brn|[from] item: Black Sludge
|-heal|p1a: Amoonguss|279\/431 brn|[from] Grassy Terrain
|-damage|p1a: Amoonguss|253\/431 brn|[from] brn
|upkeep
|turn|61
|
|t:|1655528832
|switch|p1a: Heatran|Heatran, F|39\/333
|move|p2a: Lennard|Flamethrower|p1a: Heatran
|-start|p1a: Heatran|ability: Flash Fire
|
|-heal|p1a: Heatran|59\/333|[from] Grassy Terrain
|upkeep
|turn|62
|
|t:|1655528844
|-end|p1a: Heatran|ability: Flash Fire|[silent]
|switch|p1a: Amoonguss|Amoonguss, F|396\/431 brn
|move|p2a: Lennard|Flamethrower|p1a: Amoonguss
|-supereffective|p1a: Amoonguss
|-damage|p1a: Amoonguss|198\/431 brn
|
|-heal|p1a: Amoonguss|224\/431 brn|[from] item: Black Sludge
|-heal|p1a: Amoonguss|250\/431 brn|[from] Grassy Terrain
|-fieldend|move: Grassy Terrain
|-damage|p1a: Amoonguss|224\/431 brn|[from] brn
|upkeep
|turn|63
|
|t:|1655528853
|switch|p1a: Heatran|Heatran, F|59\/333
|move|p2a: Lennard|Draco Meteor|p1a: Heatran
|-resisted|p1a: Heatran
|-damage|p1a: Heatran|0 fnt
|-unboost|p2a: Lennard|spa|2
|faint|p1a: Heatran
|-ability|p2a: Lennard|Beast Boost|boost
|-boost|p2a: Lennard|spe|1
|
|upkeep
|
|t:|1655528857
|switch|p1a: Amoonguss|Amoonguss, F|367\/431 brn
|turn|64
|
|t:|1655528875
|move|p2a: Lennard|U-turn|p1a: Amoonguss
|-damage|p1a: Amoonguss|319\/431 brn
|
|t:|1655528878
|switch|p2a: Jude|Rillaboom, M|33\/100|[from]move: U-turn
|-fieldstart|move: Grassy Terrain|[from] ability: Grassy Surge|[of] p2a: Jude
|move|p1a: Amoonguss|Hidden Power|p2a: Jude
|-supereffective|p2a: Jude
|-damage|p2a: Jude|3\/100
|
|-heal|p2a: Jude|9\/100|[from] Grassy Terrain
|-heal|p1a: Amoonguss|345\/431 brn|[from] item: Black Sludge
|-heal|p1a: Amoonguss|371\/431 brn|[from] Grassy Terrain
|-damage|p1a: Amoonguss|345\/431 brn|[from] brn
|upkeep
|turn|65
|
|t:|1655528921
|switch|p2a: Lennard|Noivern-Mega, M|100\/100
|-start|p2a: Lennard|typechange|Psychic\/Dragon|[silent]
|-ability|p2a: Lennard|Regenerator|[from] ability: Trace|[of] p1a: Amoonguss
|move|p1a: Amoonguss|Spore|p2a: Lennard
|-status|p2a: Lennard|slp|[from] move: Spore
|
|-heal|p1a: Amoonguss|371\/431 brn|[from] item: Black Sludge
|-heal|p1a: Amoonguss|397\/431 brn|[from] Grassy Terrain
|-damage|p1a: Amoonguss|371\/431 brn|[from] brn
|upkeep
|turn|66
|
|t:|1655528939
|switch|p2a: Jude|Rillaboom, M|9\/100
|switch|p1a: Slowking|Slowking-Mega, F|202\/394
|-start|p1a: Slowking|typechange|Water\/Psychic|[silent]
|-ability|p1a: Slowking|Counter-Clockwise Spiral
|-fieldstart|move: Trick Room|[of] p1a: Slowking
|-hint|Counter-Clockwise Spiral doesn't wear off until the user leaves the field!
|
|-heal|p1a: Slowking|226\/394|[from] Grassy Terrain
|-heal|p2a: Jude|15\/100|[from] Grassy Terrain
|upkeep
|turn|67
|
|t:|1655528958
|-fieldend|move: Trick Room
|switch|p1a: Buzzwole|Buzzwole|264\/417
|move|p2a: Jude|Wood Hammer|p1a: Buzzwole
|-resisted|p1a: Buzzwole
|-damage|p1a: Buzzwole|126\/417
|-damage|p2a: Jude|0 fnt|[from] item: Rocky Helmet|[of] p1a: Buzzwole
|faint|p2a: Jude
|
|-heal|p1a: Buzzwole|152\/417|[from] Grassy Terrain
|upkeep
|
|t:|1655528965
|switch|p2a: Lennard|Noivern-Mega, M|100\/100 slp
|-start|p2a: Lennard|typechange|Psychic\/Dragon|[silent]
|-ability|p2a: Lennard|Beast Boost|[from] ability: Trace|[of] p1a: Buzzwole
|turn|68
|
|t:|1655528974
|switch|p1a: Slowking|Slowking-Mega, F|226\/394
|-start|p1a: Slowking|typechange|Water\/Psychic|[silent]
|-ability|p1a: Slowking|Counter-Clockwise Spiral
|-fieldstart|move: Trick Room|[of] p1a: Slowking
|-hint|Counter-Clockwise Spiral doesn't wear off until the user leaves the field!
|cant|p2a: Lennard|slp
|
|-heal|p1a: Slowking|250\/394|[from] Grassy Terrain
|-fieldend|move: Grassy Terrain
|upkeep
|turn|69
|
|t:|1655528980
|move|p1a: Slowking|Calm Mind|p1a: Slowking
|-boost|p1a: Slowking|spa|1
|-boost|p1a: Slowking|spd|1
|-curestatus|p2a: Lennard|slp|[msg]
|move|p2a: Lennard|Draco Meteor|p1a: Slowking|[miss]
|-miss|p2a: Lennard|p1a: Slowking
|
|upkeep
|turn|70
|c|☆ASnomPlaysShowdown|sry
|c|☆Bekama|gg
|c|☆ASnomPlaysShowdown|gg i think
|
|t:|1655528991
|move|p1a: Slowking|Slack Off|p1a: Slowking
|-heal|p1a: Slowking|394\/394
|move|p2a: Lennard|U-turn|p1a: Slowking
|-supereffective|p1a: Slowking
|-damage|p1a: Slowking|332\/394
|
|upkeep
|turn|71
|
|t:|1655528999
|move|p1a: Slowking|Calm Mind|p1a: Slowking
|-boost|p1a: Slowking|spa|1
|-boost|p1a: Slowking|spd|1
|move|p2a: Lennard|U-turn|p1a: Slowking
|-supereffective|p1a: Slowking
|-damage|p1a: Slowking|268\/394
|
|upkeep
|turn|72
|
|t:|1655529006
|move|p1a: Slowking|Slack Off|p1a: Slowking
|-heal|p1a: Slowking|394\/394
|move|p2a: Lennard|U-turn|p1a: Slowking
|-supereffective|p1a: Slowking
|-damage|p1a: Slowking|332\/394
|
|upkeep
|turn|73
|error|[Invalid choice] There's nothing to cancel
|
|t:|1655529013
|move|p1a: Slowking|Scald|p2a: Lennard
|-resisted|p2a: Lennard
|-damage|p2a: Lennard|69\/100
|move|p2a: Lennard|Flamethrower|p1a: Slowking
|-resisted|p1a: Slowking
|-damage|p1a: Slowking|305\/394
|
|upkeep
|turn|74
|
|t:|1655529020
|move|p1a: Slowking|Calm Mind|p1a: Slowking
|-boost|p1a: Slowking|spa|1
|-boost|p1a: Slowking|spd|1
|move|p2a: Lennard|Flamethrower|p1a: Slowking
|-resisted|p1a: Slowking
|-damage|p1a: Slowking|284\/394
|
|upkeep
|turn|75
|
|t:|1655529027
|move|p1a: Slowking|Scald|p2a: Lennard
|-resisted|p2a: Lennard
|-damage|p2a: Lennard|30\/100
|move|p2a: Lennard|Flamethrower|p1a: Slowking
|-resisted|p1a: Slowking
|-damage|p1a: Slowking|263\/394
|
|upkeep
|turn|76
|raw|<div class="message"><ul class="utilichart"><li class="result"><span class="col numcol">Tier 3 Mega<\/span> <span class="col iconcol"><psicon pokemon="noivernmega"\/><\/span> <span class="col pokemonnamecol" style="white-space:nowrap"><a href="https:\/\/dex.pokemonshowdown.com\/pokemon\/noivernmega" target="_blank">Noivern-Mega<\/a><\/span> <span class="col typecol"><img src="https:\/\/dragonheaven.herokuapp.com\/sprites\/types\/Psychic.png" alt="Psychic" height="14" width="32"><img src="https:\/\/dragonheaven.herokuapp.com\/sprites\/types\/Dragon.png" alt="Dragon" height="14" width="32"><\/span> <span style="float:left;min-height:26px"><span class="col abilitycol">Trace<\/span><span class="col abilitycol"><\/span><\/span><span style="float:left;min-height:26px"><span class="col statcol"><em>HP<\/em><br \/>85<\/span> <span class="col statcol"><em>Atk<\/em><br \/>70<\/span> <span class="col statcol"><em>Def<\/em><br \/>95<\/span> <span class="col statcol"><em>SpA<\/em><br \/>120<\/span> <span class="col statcol"><em>SpD<\/em><br \/>95<\/span> <span class="col statcol"><em>Spe<\/em><br \/>170<\/span> <span class="col bstcol"><em>BST<br \/>635<\/em><\/span> <\/span><\/li><li style="clear:both"><\/li><\/ul><\/div>
|raw|<font size="1"><font color="#686868">Dex#:<\/font> 715&nbsp;|&ThickSpace;<font color="#686868">Gen:<\/font> 6&nbsp;|&ThickSpace;<font color="#686868">Height:<\/font> 1.5 m&nbsp;|&ThickSpace;<font color="#686868">Weight:<\/font> 85 kg <em>(80 BP)<\/em>&nbsp;|&ThickSpace;<font color="#686868">Dex Colour:<\/font> Purple&nbsp;|&ThickSpace;<font color="#686868">Egg Group(s):<\/font> Flying, Dragon&nbsp;|&ThickSpace;<font color="#686868">Does Not Evolve<\/font><\/font>

|
|t:|1655529034
|move|p1a: Slowking|Scald|p2a: Lennard
|-resisted|p2a: Lennard
|-damage|p2a: Lennard|0 fnt
|faint|p2a: Lennard
|
|win|ASnomPlaysShowdown
|c|☆Bekama|gg
|c|☆ASnomPlaysShowdown|gg</script>
</div>
<div class="battle-log battle-log-inline"><div class="inner"><div class="battle-options"><div style="padding-top: 3px; padding-right: 3px; text-align: right"><button class="icon button" name="openBattleOptions" title="Options">Battle Options</button></div></div><div class="inner message-log"><div class="chat"><small>☆ASnomPlaysShowdown and ☆Bekama joined</small></div><div class=""><small>Format:</small> <br><strong>[Gen 8] Megas for All</strong></div><div class=""><small><em>HP Percentage Mod:</em> HP is shown in percentages</small></div><div class=""><small><em>Endless Battle Clause:</em> Forcing endless battles is banned</small></div><div class=""><small><em>OHKO Clause:</em> OHKO moves are banned</small></div><div class=""><small><em>Evasion Moves Clause:</em> Evasion moves are banned</small></div><div class=""><small><em>Species Clause:</em> Limit one of each Pokémon</small></div><div class=""><small><em>Dynamax Clause:</em> You cannot dynamax</small></div><div class=""><small><em>Sleep Clause Mod:</em> Limit one foe put to sleep</small></div><div class=""><small><em>Freeze Clause Mod:</em> Limit one foe frozen</small></div><div class="chat"><img src="https://raw.githubusercontent.com/scoopapa/DH/master/data/mods/m4av6/sprites/m4a_banner.png" height="65" width="381"></div><div class="spacer battle-history"><br></div><div class="battle-history"><small>Welcome to Megas for All!</small><br></div><div class="battle-history"><small>This is a National Dex-based format where we aim to give a new Mega Evolution to every Pokémon.</small><br></div><div class="battle-history"><small>Just like any official format, you can still only Mega Evolve one Pokémon per team!</small><br></div><div class="battle-history"><small>You can find our thread and metagame resources here:</small><br></div><div class="battle-history"><small>https://www.smogon.com/forums/threads/3671140/</small><br></div><div class="chat battle-history"><strong>ASnomPlaysShowdown's team:</strong> <em style="color:#445566;display:block;">Buzzwole / Heatran / Amoonguss / Weavile / Gliscor / Slowking</em></div><div class="chat battle-history"><strong>Bekama's team:</strong> <em style="color:#445566;display:block;">Noivern / Tapu Koko / Scizor / Rotom-Heat / Rillaboom / Urshifu-*</em></div><div class="chat chatmessage-bekama"><strong style="color:#ac8416"><small>☆</small><span class="username" data-name="Bekama">Bekama</span>:</strong> <em>glhf</em></div><div class="chat chatmessage-asnomplaysshowdown mine"><strong style="color:#1bb1b6"><small>☆</small><span class="username" data-name="ASnomPlaysShowdown">ASnomPlaysShowdown</span>:</strong> <em>u2!</em></div><div class="chat"><small>~DuoM2 and +analysis geek joined</small></div><div class="spacer battle-history"><br></div><div class="battle-history">Battle started between ASnomPlaysShowdown and Bekama!<br></div><div class="spacer battle-history"><br></div><div class="battle-history">Go! <strong>Heatran</strong>!<br></div><div class="spacer battle-history"><br></div><div class="battle-history">Bekama sent out Urshifu-Rapid-Stri (<strong>Urshifu-Rapid-Strike</strong>)!<br></div><div class="spacer battle-history"><br></div><h2 class="battle-history">Turn 1</h2><div class="chat"><small>+Bobsican joined</small></div><div class="spacer battle-history"><br></div><div class="battle-history">Heatran, come back!<br></div><div class="battle-history">Go! <strong>Buzzwole</strong>!<br></div><div class="spacer battle-history"><br></div><div class="battle-history">The opposing Urshifu-Rapid-Stri used <strong>U-turn</strong>!<br></div><div class="battle-history"><small>It's not very effective...</small><br></div><div class="battle-history"><small>(Buzzwole lost <abbr title="−26/417">6.2%</abbr> of its health!)</small><br></div><div class="battle-history"><small>The opposing Urshifu-Rapid-Stri was hurt by the Rocky Helmet!</small><br></div><div class="spacer battle-history"><br></div><div class="battle-history">The opposing Urshifu-Rapid-Stri went back to Bekama!<br></div><div class="battle-history">Bekama sent out Oliver (<strong>Rotom-Heat</strong>)!<br></div><div class="spacer battle-history"><br></div><h2 class="battle-history">Turn 2</h2><div class="spacer battle-history"><br></div><div class="battle-history">Buzzwole, come back!<br></div><div class="battle-history">Go! <strong>Gliscor</strong>!<br></div><div class="spacer battle-history"><br></div><div class="battle-history">The opposing Oliver used <strong>Volt Switch</strong>!<br></div><div class="battle-history"><small>It doesn't affect Gliscor...</small><br></div><div class="spacer battle-history"><br></div><div class="battle-history"><small>Gliscor was badly poisoned!</small><br></div><div class="spacer battle-history"><br></div><h2 class="battle-history">Turn 3</h2><div class="spacer battle-history"><br></div><div class="battle-history">Bekama withdrew Oliver!<br></div><div class="battle-history">Bekama sent out Poppy (<strong>Scizor</strong>)!<br></div><div class="spacer battle-history"><br></div><div class="battle-history">Gliscor used <strong>U-turn</strong>!<br></div><div class="battle-history"><small>It's not very effective...</small><br></div><div class="battle-history"><small>(The opposing Poppy lost 6% of its health!)</small><br></div><div class="spacer battle-history"><br></div><div class="battle-history">Gliscor, come back!<br></div><div class="battle-history">Go! <strong>Heatran</strong>!<br></div><div class="spacer battle-history"><br></div><div class="battle-history"><small>The opposing Poppy restored a little HP using its Leftovers!</small><br></div><div class="spacer battle-history"><br></div><h2 class="battle-history">Turn 4</h2><div class="chat"><small> trollface games joined</small></div><div class="spacer battle-history"><br></div><div class="battle-history">Bekama withdrew Poppy!<br></div><div class="battle-history">Bekama sent out Lennard (<strong>Noivern</strong>)!<br></div><div class="battle-history">[The opposing Lennard's Frisk]<br><small>The opposing Lennard frisked Heatran and found its Firium Z!</small><br></div><div class="spacer battle-history"><br></div><div class="battle-history">Heatran used <strong>Magma Storm</strong>!<br></div><div class="battle-history"><small>It's not very effective...</small><br></div><div class="battle-history"><small>(The opposing Lennard lost 31% of its health!)</small><br></div><div class="battle-history"><small>The opposing Lennard became trapped by swirling magma!</small><br></div><div class="spacer battle-history"><br></div><div class="battle-history"><small>The opposing Lennard is hurt by Magma Storm!</small><br></div><div class="spacer battle-history"><br></div><h2 class="battle-history">Turn 5</h2><div class="spacer battle-history"><br></div><div class="battle-history"><small>The opposing Lennard's Noivernite is reacting to the Key Stone!</small><br>The opposing Lennard has Mega Evolved into Mega Noivern!<br></div><div class="chat"><ul class="utilichart"><li class="result"><span class="col pokemonnamecol" style="white-space: nowrap">Noivern-Mega</span> <span class="col typecol"><img src="https://dragonheaven.herokuapp.com/sprites/types/Psychic.png" alt="Psychic" height="14" width="32"><img src="https://dragonheaven.herokuapp.com/sprites/types/Dragon.png" alt="Dragon" height="14" width="32"></span> <span style="float: left ; min-height: 26px"><span class="col abilitycol">Trace</span><span class="col abilitycol"></span></span><span style="float: left ; min-height: 26px"><span class="col statcol"><em>HP</em><br>85</span> <span class="col statcol"><em>Atk</em><br>70</span> <span class="col statcol"><em>Def</em><br>95</span> <span class="col statcol"><em>SpA</em><br>120</span> <span class="col statcol"><em>SpD</em><br>95</span> <span class="col statcol"><em>Spe</em><br>170</span> </span></li><li style="clear: both"></li></ul></div><div class="battle-history"><small>(Noivern-Mega was submitted by BitBitio!)</small><br></div><div class="battle-history">[The opposing Lennard's Trace]<br>[The opposing Lennard's Flash Fire]<br><small>The opposing Lennard traced Heatran's Flash Fire!</small><br></div><div class="spacer battle-history"><br></div><div class="battle-history">The opposing Lennard used <strong>Roost</strong>!<br></div><div class="battle-history"><small>The opposing Lennard had its HP restored.</small><br></div><div class="spacer battle-history"><br></div><div class="battle-history">Heatran used <strong>Earth Power</strong>!<br></div><div class="battle-history"><small>(The opposing Lennard lost 32% of its health!)</small><br></div><div class="spacer battle-history"><br></div><div class="battle-history"><small>The opposing Lennard is hurt by Magma Storm!</small><br></div><div class="spacer battle-history"><br></div><h2 class="battle-history">Turn 6</h2><div class="spacer battle-history"><br></div><div class="battle-history">The opposing Lennard used <strong>Draco Meteor</strong>!<br></div><div class="battle-history"><small>It's not very effective...</small><br></div><div class="battle-history"><small>(Heatran lost <abbr title="−108/333">32.4%</abbr> of its health!)</small><br></div><div class="battle-history"><small>The opposing Lennard's Sp. Atk fell harshly!</small><br></div><div class="spacer battle-history"><br></div><div class="battle-history">Heatran used <strong>Stealth Rock</strong>!<br></div><div class="battle-history"><small>Pointed stones float in the air around the opposing team!</small><br></div><div class="spacer battle-history"><br></div><div class="battle-history"><small>The opposing Lennard is hurt by Magma Storm!</small><br></div><div class="spacer battle-history"><br></div><h2 class="battle-history">Turn 7</h2><div class="spacer battle-history"><br></div><div class="battle-history">The opposing Lennard used <strong>U-turn</strong>!<br></div><div class="battle-history"><small>It's not very effective...</small><br></div><div class="battle-history"><small>(Heatran lost <abbr title="−9/333">2.7%</abbr> of its health!)</small><br></div><div class="spacer battle-history"><br></div><div class="battle-history">The opposing Lennard went back to Bekama!<br></div><div class="battle-history">Bekama sent out Oliver (<strong>Rotom-Heat</strong>)!<br></div><div class="spacer battle-history"><br></div><div class="battle-history">Heatran used <strong>Earth Power</strong>!<br></div><div class="battle-history">[The opposing Oliver's Levitate]<br><small>It doesn't affect the opposing Oliver...</small><br></div><div class="spacer battle-history"><br></div><h2 class="battle-history">Turn 8</h2><div class="spacer battle-history"><br></div><div class="battle-history">Heatran, come back!<br></div><div class="battle-history">Go! <strong>Gliscor</strong>!<br></div><div class="spacer battle-history"><br></div><div class="battle-history">The opposing Oliver used <strong>Defog</strong>!<br></div><div class="battle-history"><small>Gliscor's evasiveness fell!</small><br></div><div class="battle-history"><small>The pointed stones disappeared from around the opposing team!</small><br></div><div class="spacer battle-history"><br></div><h2 class="battle-history">Turn 9</h2><div class="spacer battle-history"><br></div><div class="battle-history">The opposing Oliver used <strong>Volt Switch</strong>!<br></div><div class="battle-history"><small>It doesn't affect Gliscor...</small><br></div><div class="spacer battle-history"><br></div><div class="battle-history">Gliscor used <strong>U-turn</strong>!<br></div><div class="battle-history"><small>It's not very effective...</small><br></div><div class="battle-history"><small>(The opposing Oliver lost 7% of its health!)</small><br></div><div class="chat"><small>~SCOOPAPA joined</small></div><div class="spacer battle-history"><br></div><div class="battle-history">Gliscor, come back!<br></div><div class="battle-history">Go! <strong>Slowking</strong>!<br></div><div class="spacer battle-history"><br></div><h2 class="battle-history">Turn 10</h2><div class="spacer battle-history"><br></div><div class="battle-history">Bekama withdrew Oliver!<br></div><div class="battle-history">Bekama sent out Lennard (<strong>Noivern-Mega</strong>)!<br></div><div class="battle-history">[The opposing Lennard's Trace]<br>[The opposing Lennard's Regenerator]<br><small>The opposing Lennard traced Slowking's Regenerator!</small><br></div><div class="spacer battle-history"><br></div><div class="battle-history"><small>Slowking's Slowkinite is reacting to the Key Stone!</small><br>Slowking has Mega Evolved into Mega Slowking!<br></div><div class="battle-history">[Slowking's Counter-Clockwise Spiral]<br></div><div class="battle-history"><small>Slowking twisted the dimensions!</small><br></div><div class="battle-history"><small>(Counter-Clockwise Spiral doesn't wear off until the user leaves the field!)</small><br></div><div class="chat"><ul class="utilichart"><li class="result"><span class="col pokemonnamecol" style="white-space: nowrap">Slowking-Mega</span> <span class="col typecol"><img src="https://dragonheaven.herokuapp.com/sprites/types/Water.png" alt="Water" height="14" width="32"><img src="https://dragonheaven.herokuapp.com/sprites/types/Psychic.png" alt="Psychic" height="14" width="32"></span> <span style="float: left ; min-height: 26px"><span class="col abilitycol">Counter-Clockwise Spiral</span><span class="col abilitycol"></span></span><span style="float: left ; min-height: 26px"><span class="col statcol"><em>HP</em><br>95</span> <span class="col statcol"><em>Atk</em><br>75</span> <span class="col statcol"><em>Def</em><br>80</span> <span class="col statcol"><em>SpA</em><br>110</span> <span class="col statcol"><em>SpD</em><br>110</span> <span class="col statcol"><em>Spe</em><br>120</span> </span></li><li style="clear: both"></li></ul></div><div class="battle-history"><small>(Slowking-Mega was submitted by Hematite!)</small><br></div><div class="spacer battle-history"><br></div><div class="battle-history">Slowking used <strong>Scald</strong>!<br></div><div class="battle-history"><small>It's not very effective...</small><br></div><div class="battle-history"><small>(The opposing Lennard lost 16% of its health!)</small><br></div><div class="spacer battle-history"><br></div><h2 class="battle-history">Turn 11</h2><div class="chat"><small>~DuoM2 left</small></div><div class="spacer battle-history"><br></div><div class="battle-history">Bekama withdrew Lennard!<br></div><div class="battle-history">Bekama sent out Jude (<strong>Rillaboom</strong>)!<br></div><div class="battle-history">[The opposing Jude's Grassy Surge]<br><small>Grass grew to cover the battlefield!</small><br></div><div class="spacer battle-history"><br></div><div class="battle-history">Slowking used <strong>Scald</strong>!<br></div><div class="battle-history"><small>It's not very effective...</small><br></div><div class="battle-history"><small>(The opposing Jude lost 20% of its health!)</small><br></div><div class="spacer battle-history"><br></div><div class="battle-history"><small>The opposing Jude's HP was restored.</small><br></div><div class="spacer battle-history"><br></div><h2 class="battle-history">Turn 12</h2><div class="spacer battle-history"><br></div><div class="battle-history"><small>The twisted dimensions returned to normal!</small><br></div><div class="spacer battle-history"><br></div><div class="battle-history">Slowking, come back!<br></div><div class="battle-history">Go! <strong>Buzzwole</strong>!<br></div><div class="spacer battle-history"><br></div><div class="battle-history">The opposing Jude used <strong>High Horsepower</strong>!<br></div><div class="battle-history"><small>Buzzwole avoided the attack!</small><br></div><div class="spacer battle-history"><br></div><div class="battle-history"><small>The opposing Jude's HP was restored.</small><br></div><div class="battle-history"><small>Buzzwole's HP was restored.</small><br></div><div class="spacer battle-history"><br></div><h2 class="battle-history">Turn 13</h2><div class="spacer battle-history"><br></div><div class="battle-history">Bekama withdrew Jude!<br></div><div class="battle-history">Bekama sent out Oliver (<strong>Rotom-Heat</strong>)!<br></div><div class="spacer battle-history"><br></div><div class="battle-history">Buzzwole used <strong>Toxic</strong>!<br></div><div class="battle-history"><small>The opposing Oliver was badly poisoned!</small><br></div><div class="spacer battle-history"><br></div><div class="battle-history"><small>The opposing Oliver was hurt by poison!</small><br></div><div class="spacer battle-history"><br></div><h2 class="battle-history">Turn 14</h2><div class="spacer battle-history"><br></div><div class="battle-history">Bekama withdrew Oliver!<br></div><div class="battle-history">Bekama sent out Urshifu-Rapid-Stri (<strong>Urshifu-Rapid-Strike</strong>)!<br></div><div class="spacer battle-history"><br></div><div class="battle-history">Buzzwole, come back!<br></div><div class="battle-history">Go! <strong>Gliscor</strong>!<br></div><div class="spacer battle-history"><br></div><div class="battle-history"><small>The opposing Urshifu-Rapid-Stri's HP was restored.</small><br></div><div class="spacer battle-history"><br></div><h2 class="battle-history">Turn 15</h2><div class="spacer battle-history"><br></div><div class="battle-history">Gliscor, come back!<br></div><div class="battle-history">Go! <strong>Buzzwole</strong>!<br></div><div class="spacer battle-history"><br></div><div class="battle-history">The opposing Urshifu-Rapid-Stri used <strong>Stone Edge</strong>!<br></div><div class="battle-history"><small>(Buzzwole lost <abbr title="−79/417">18.9%</abbr> of its health!)</small><br></div><div class="spacer battle-history"><br></div><div class="battle-history"><small>The opposing Urshifu-Rapid-Stri's HP was restored.</small><br></div><div class="battle-history"><small>Buzzwole's HP was restored.</small><br></div><div class="battle-history"><small>The grass disappeared from the battlefield.</small><br></div><div class="spacer battle-history"><br></div><h2 class="battle-history">Turn 16</h2><div class="spacer battle-history"><br></div><div class="battle-history">Bekama withdrew Urshifu-Rapid-Stri!<br></div><div class="battle-history">Bekama sent out Poppy (<strong>Scizor</strong>)!<br></div><div class="spacer battle-history"><br></div><div class="battle-history">Buzzwole used <strong>Ice Punch</strong>!<br></div><div class="battle-history"><small>It's not very effective...</small><br></div><div class="battle-history"><small>(The opposing Poppy lost 8% of its health!)</small><br></div><div class="spacer battle-history"><br></div><div class="battle-history"><small>The opposing Poppy restored a little HP using its Leftovers!</small><br></div><div class="spacer battle-history"><br></div><h2 class="battle-history">Turn 17</h2><div class="spacer battle-history"><br></div><div class="battle-history">Buzzwole used <strong>Drain Punch</strong>!<br></div><div class="battle-history"><small>(The opposing Poppy lost 31% of its health!)</small><br></div><div class="battle-history"><small>The opposing Poppy had its energy drained!</small><br></div><div class="spacer battle-history"><br></div><div class="battle-history">The opposing Poppy used <strong>Swords Dance</strong>!<br></div><div class="battle-history"><small>The opposing Poppy's Attack rose sharply!</small><br></div><div class="spacer battle-history"><br></div><div class="battle-history"><small>The opposing Poppy restored a little HP using its Leftovers!</small><br></div><div class="spacer battle-history"><br></div><h2 class="battle-history">Turn 18</h2><div class="chat"><small> qgqhkjs joined; +analysis geek left</small></div><div class="spacer battle-history"><br></div><div class="battle-history">Buzzwole, come back!<br></div><div class="battle-history">Go! <strong>Heatran</strong>!<br></div><div class="spacer battle-history"><br></div><div class="battle-history">The opposing Poppy used <strong>Roost</strong>!<br></div><div class="battle-history"><small>The opposing Poppy had its HP restored.</small><br></div><div class="spacer battle-history"><br></div><h2 class="battle-history">Turn 19</h2><div class="chat"><small>+Gekokeso joined</small></div><div class="spacer battle-history"><br></div><div class="battle-history">Heatran used <strong>Magma Storm</strong>!<br></div><div class="battle-history"><small>It's super effective!</small><br></div><div class="battle-history"><small>(The opposing Poppy lost 100% of its health!)</small><br></div><div class="spacer battle-history"><br></div><div class="battle-history">The opposing Poppy fainted!<br></div><div class="spacer battle-history"><br></div><div class="battle-history">Bekama sent out Lennard (<strong>Noivern-Mega</strong>)!<br></div><div class="battle-history">[The opposing Lennard's Trace]<br>[The opposing Lennard's Flash Fire]<br><small>The opposing Lennard traced Heatran's Flash Fire!</small><br></div><div class="spacer battle-history"><br></div><h2 class="battle-history">Turn 20</h2><div class="spacer battle-history"><br></div><div class="battle-history">Heatran, come back!<br></div><div class="battle-history">Go! Slowking (<strong>Slowking-Mega</strong>)!<br></div><div class="battle-history">[Slowking's Counter-Clockwise Spiral]<br></div><div class="battle-history"><small>Slowking twisted the dimensions!</small><br></div><div class="battle-history"><small>(Counter-Clockwise Spiral doesn't wear off until the user leaves the field!)</small><br></div><div class="spacer battle-history"><br></div><div class="battle-history">The opposing Lennard used <strong>Roost</strong>!<br></div><div class="battle-history"><small>The opposing Lennard had its HP restored.</small><br></div><div class="spacer battle-history"><br></div><h2 class="battle-history">Turn 21</h2><div class="spacer battle-history"><br></div><div class="battle-history">Slowking used <strong>Calm Mind</strong>!<br></div><div class="battle-history"><small>Slowking's Sp. Atk rose!</small><br></div><div class="battle-history"><small>Slowking's Sp. Def rose!</small><br></div><div class="spacer battle-history"><br></div><div class="battle-history">The opposing Lennard used <strong>U-turn</strong>!<br></div><div class="battle-history"><small>It's super effective!</small><br></div><div class="battle-history"><small>(Slowking lost <abbr title="−66/394">16.8%</abbr> of its health!)</small><br></div><div class="spacer battle-history"><br></div><div class="battle-history">The opposing Lennard went back to Bekama!<br></div><div class="battle-history">Bekama sent out Jude (<strong>Rillaboom</strong>)!<br></div><div class="battle-history">[The opposing Jude's Grassy Surge]<br><small>Grass grew to cover the battlefield!</small><br></div><div class="spacer battle-history"><br></div><div class="battle-history"><small>Slowking's HP was restored.</small><br></div><div class="battle-history"><small>The opposing Jude's HP was restored.</small><br></div><div class="spacer battle-history"><br></div><h2 class="battle-history">Turn 22</h2><div class="spacer battle-history"><br></div><div class="battle-history"><small>The twisted dimensions returned to normal!</small><br></div><div class="spacer battle-history"><br></div><div class="battle-history">Slowking, come back!<br></div><div class="battle-history">Go! <strong>Buzzwole</strong>!<br></div><div class="spacer battle-history"><br></div><div class="battle-history">The opposing Jude used <strong>U-turn</strong>!<br></div><div class="battle-history"><small>It's not very effective...</small><br></div><div class="battle-history"><small>(Buzzwole lost <abbr title="−39/417">9.4%</abbr> of its health!)</small><br></div><div class="battle-history"><small>The opposing Jude was hurt by the Rocky Helmet!</small><br></div><div class="spacer battle-history"><br></div><div class="battle-history">The opposing Jude went back to Bekama!<br></div><div class="battle-history">Bekama sent out Kai (<strong>Tapu Koko</strong>)!<br></div><div class="battle-history">[The opposing Kai's Electric Surge]<br><small>An electric current ran across the battlefield!</small><br></div><div class="spacer battle-history"><br></div><h2 class="battle-history">Turn 23</h2><div class="spacer battle-history"><br></div><div class="battle-history">Buzzwole, come back!<br></div><div class="battle-history">Go! <strong>Amoonguss</strong>!<br></div><div class="spacer battle-history"><br></div><div class="battle-history">The opposing Kai used <strong>Dazzling Gleam</strong>!<br></div><div class="battle-history"><small>It's not very effective...</small><br></div><div class="battle-history"><small>(Amoonguss lost <abbr title="−56/431">13.0%</abbr> of its health!)</small><br></div><div class="spacer battle-history"><br></div><div class="battle-history"><small>Amoonguss restored a little HP using its Black Sludge!</small><br></div><div class="spacer battle-history"><br></div><h2 class="battle-history">Turn 24</h2><div class="spacer battle-history"><br></div><div class="battle-history">Amoonguss, come back!<br></div><div class="battle-history">Go! <strong>Gliscor</strong>!<br></div><div class="spacer battle-history"><br></div><div class="battle-history">The opposing Kai used <strong>U-turn</strong>!<br></div><div class="battle-history"><small>It's not very effective...</small><br></div><div class="battle-history"><small>(Gliscor lost <abbr title="−25/352">7.1%</abbr> of its health!)</small><br></div><div class="spacer battle-history"><br></div><div class="battle-history">The opposing Kai went back to Bekama!<br></div><div class="battle-history">Bekama sent out Urshifu-Rapid-Stri (<strong>Urshifu-Rapid-Strike</strong>)!<br></div><div class="spacer battle-history"><br></div><div class="battle-history">[Gliscor's Poison Heal]<br><small>Gliscor had its HP restored.</small><br></div><div class="spacer battle-history"><br></div><h2 class="battle-history">Turn 25</h2><div class="spacer battle-history"><br></div><div class="battle-history">Bekama withdrew Urshifu-Rapid-Stri!<br></div><div class="battle-history">Bekama sent out Lennard (<strong>Noivern-Mega</strong>)!<br></div><div class="battle-history">[The opposing Lennard's Trace]<br>[The opposing Lennard's Poison Heal]<br><small>The opposing Lennard traced Gliscor's Poison Heal!</small><br></div><div class="spacer battle-history"><br></div><div class="battle-history">Gliscor, come back!<br></div><div class="battle-history">Go! <strong>Buzzwole</strong>!<br></div><div class="spacer battle-history"><br></div><h2 class="battle-history">Turn 26</h2><div class="spacer battle-history"><br></div><div class="battle-history">Buzzwole, come back!<br></div><div class="battle-history">Go! Slowking (<strong>Slowking-Mega</strong>)!<br></div><div class="battle-history">[Slowking's Counter-Clockwise Spiral]<br></div><div class="battle-history"><small>Slowking twisted the dimensions!</small><br></div><div class="battle-history"><small>(Counter-Clockwise Spiral doesn't wear off until the user leaves the field!)</small><br></div><div class="spacer battle-history"><br></div><div class="battle-history">The opposing Lennard used <strong>Draco Meteor</strong>!<br></div><div class="battle-history"><small>(Slowking lost <abbr title="−222/394">56.3%</abbr> of its health!)</small><br></div><div class="battle-history"><small>The opposing Lennard's Sp. Atk fell harshly!</small><br></div><div class="spacer battle-history"><br></div><div class="battle-history"><small>The electricity disappeared from the battlefield.</small><br></div><div class="spacer battle-history"><br></div><h2 class="battle-history">Turn 27</h2><div class="spacer battle-history"><br></div><div class="battle-history">Slowking used <strong>Slack Off</strong>!<br></div><div class="battle-history"><small>Slowking had its HP restored.</small><br></div><div class="spacer battle-history"><br></div><div class="battle-history">The opposing Lennard used <strong>U-turn</strong>!<br></div><div class="battle-history"><small>It's super effective!</small><br></div><div class="battle-history"><small>(Slowking lost <abbr title="−60/394">15.2%</abbr> of its health!)</small><br></div><div class="spacer battle-history"><br></div><div class="battle-history">The opposing Lennard went back to Bekama!<br></div><div class="battle-history">Bekama sent out Jude (<strong>Rillaboom</strong>)!<br></div><div class="battle-history">[The opposing Jude's Grassy Surge]<br><small>Grass grew to cover the battlefield!</small><br></div><div class="spacer battle-history"><br></div><div class="battle-history"><small>Slowking's HP was restored.</small><br></div><div class="battle-history"><small>The opposing Jude's HP was restored.</small><br></div><div class="spacer battle-history"><br></div><h2 class="battle-history">Turn 28</h2><div class="spacer battle-history"><br></div><div class="battle-history"><small>The twisted dimensions returned to normal!</small><br></div><div class="spacer battle-history"><br></div><div class="battle-history">Slowking, come back!<br></div><div class="battle-history">Go! <strong>Buzzwole</strong>!<br></div><div class="spacer battle-history"><br></div><div class="battle-history">The opposing Jude used <strong>U-turn</strong>!<br></div><div class="battle-history"><small>It's not very effective...</small><br></div><div class="battle-history"><small>(Buzzwole lost <abbr title="−40/417">9.6%</abbr> of its health!)</small><br></div><div class="battle-history"><small>The opposing Jude was hurt by the Rocky Helmet!</small><br></div><div class="spacer battle-history"><br></div><div class="battle-history">The opposing Jude went back to Bekama!<br></div><div class="battle-history">Bekama sent out Lennard (<strong>Noivern-Mega</strong>)!<br></div><div class="battle-history">[The opposing Lennard's Trace]<br>[The opposing Lennard's Beast Boost]<br><small>The opposing Lennard traced Buzzwole's Beast Boost!</small><br></div><div class="spacer battle-history"><br></div><div class="battle-history"><small>Buzzwole's HP was restored.</small><br></div><div class="spacer battle-history"><br></div><h2 class="battle-history">Turn 29</h2><div class="spacer battle-history"><br></div><div class="battle-history">Buzzwole, come back!<br></div><div class="battle-history">Go! <strong>Amoonguss</strong>!<br></div><div class="spacer battle-history"><br></div><div class="battle-history">The opposing Lennard used <strong>Draco Meteor</strong>!<br></div><div class="battle-history"><small>(Amoonguss lost <abbr title="−211/431">49.0%</abbr> of its health!)</small><br></div><div class="battle-history"><small>The opposing Lennard's Sp. Atk fell harshly!</small><br></div><div class="spacer battle-history"><br></div><div class="battle-history"><small>Amoonguss restored a little HP using its Black Sludge!</small><br></div><div class="battle-history"><small>Amoonguss's HP was restored.</small><br></div><div class="spacer battle-history"><br></div><h2 class="battle-history">Turn 30</h2><div class="spacer battle-history"><br></div><div class="battle-history">The opposing Lennard used <strong>U-turn</strong>!<br></div><div class="battle-history"><small>(Amoonguss lost <abbr title="−43/431">10.0%</abbr> of its health!)</small><br></div><div class="spacer battle-history"><br></div><div class="battle-history">The opposing Lennard went back to Bekama!<br></div><div class="battle-history">Bekama sent out Oliver (<strong>Rotom-Heat</strong>)!<br></div><div class="spacer battle-history"><br></div><div class="battle-history">Amoonguss used <strong>Clear Smog</strong>!<br></div><div class="battle-history"><small>(The opposing Oliver lost 15% of its health!)</small><br></div><div class="battle-history"><small>The opposing Oliver's stat changes were removed!</small><br></div><div class="spacer battle-history"><br></div><div class="battle-history"><small>Amoonguss restored a little HP using its Black Sludge!</small><br></div><div class="battle-history"><small>Amoonguss's HP was restored.</small><br></div><div class="battle-history"><small>The opposing Oliver was hurt by poison!</small><br></div><div class="spacer battle-history"><br></div><h2 class="battle-history">Turn 31</h2><div class="spacer battle-history"><br></div><div class="battle-history">Amoonguss, come back!<br></div><div class="battle-history">Go! <strong>Gliscor</strong>!<br></div><div class="spacer battle-history"><br></div><div class="battle-history">The opposing Oliver used <strong>Overheat</strong>!<br></div><div class="battle-history"><small>(Gliscor lost <abbr title="−160/352">45.5%</abbr> of its health!)</small><br></div><div class="battle-history"><small>The opposing Oliver's Sp. Atk fell harshly!</small><br></div><div class="spacer battle-history"><br></div><div class="battle-history"><small>The grass disappeared from the battlefield.</small><br></div><div class="battle-history"><small>The opposing Oliver was hurt by poison!</small><br></div><div class="battle-history">[Gliscor's Poison Heal]<br><small>Gliscor had its HP restored.</small><br></div><div class="spacer battle-history"><br></div><h2 class="battle-history">Turn 32</h2><div class="chat"><small>+anique joined</small></div><div class="spacer battle-history"><br></div><div class="battle-history">The opposing Oliver used <strong>Pain Split</strong>!<br></div><div class="battle-history"><small>The battlers shared their pain!</small><br></div><div class="spacer battle-history"><br></div><div class="battle-history">Gliscor used <strong>U-turn</strong>!<br></div><div class="battle-history"><small>It's not very effective...</small><br></div><div class="battle-history"><small>(The opposing Oliver lost 7% of its health!)</small><br></div><div class="spacer battle-history"><br></div><div class="battle-history">Gliscor, come back!<br></div><div class="battle-history">Go! <strong>Weavile</strong>!<br></div><div class="battle-history">[Weavile's Pressure]<br><small>Weavile is exerting its pressure!</small><br></div><div class="spacer battle-history"><br></div><div class="battle-history"><small>The opposing Oliver was hurt by poison!</small><br></div><div class="spacer battle-history"><br></div><h2 class="battle-history">Turn 33</h2><div class="spacer battle-history"><br></div><div class="battle-history">Bekama withdrew Oliver!<br></div><div class="battle-history">Bekama sent out Urshifu-Rapid-Stri (<strong>Urshifu-Rapid-Strike</strong>)!<br></div><div class="spacer battle-history"><br></div><div class="battle-history">Weavile used <strong>Knock Off</strong>!<br></div><div class="battle-history"><small>It's not very effective...</small><br></div><div class="battle-history"><small>(The opposing Urshifu-Rapid-Stri lost 33% of its health!)</small><br></div><div class="battle-history"><small>Weavile knocked off the opposing Urshifu-Rapid-Stri's Choice Scarf!</small><br></div><div class="spacer battle-history"><br></div><h2 class="battle-history">Turn 34</h2><div class="spacer battle-history"><br></div><div class="battle-history">Weavile, come back!<br></div><div class="battle-history">Go! <strong>Buzzwole</strong>!<br></div><div class="spacer battle-history"><br></div><div class="battle-history">The opposing Urshifu-Rapid-Stri used <strong>Stone Edge</strong>!<br></div><div class="battle-history"><small>(Buzzwole lost <abbr title="−77/417">18.5%</abbr> of its health!)</small><br></div><div class="spacer battle-history"><br></div><h2 class="battle-history">Turn 35</h2><div class="spacer battle-history"><br></div><div class="battle-history">The opposing Urshifu-Rapid-Stri used <strong>Stone Edge</strong>!<br></div><div class="battle-history"><small>Buzzwole avoided the attack!</small><br></div><div class="spacer battle-history"><br></div><div class="battle-history">Buzzwole used <strong>Roost</strong>!<br></div><div class="battle-history"><small>Buzzwole had its HP restored.</small><br></div><div class="spacer battle-history"><br></div><h2 class="battle-history">Turn 36</h2><div class="spacer battle-history"><br></div><div class="battle-history">Bekama withdrew Urshifu-Rapid-Stri!<br></div><div class="battle-history">Bekama sent out Lennard (<strong>Noivern-Mega</strong>)!<br></div><div class="battle-history">[The opposing Lennard's Trace]<br>[The opposing Lennard's Beast Boost]<br><small>The opposing Lennard traced Buzzwole's Beast Boost!</small><br></div><div class="spacer battle-history"><br></div><div class="battle-history">Buzzwole used <strong>Ice Punch</strong>!<br></div><div class="battle-history"><small>It's super effective!</small><br></div><div class="battle-history"><small>(The opposing Lennard lost 46% of its health!)</small><br></div><div class="spacer battle-history"><br></div><h2 class="battle-history">Turn 37</h2><div class="spacer battle-history"><br></div><div class="battle-history">Buzzwole, come back!<br></div><div class="battle-history">Go! <strong>Amoonguss</strong>!<br></div><div class="spacer battle-history"><br></div><div class="battle-history">The opposing Lennard used <strong>Flamethrower</strong>!<br></div><div class="battle-history"><small>It's super effective!</small><br></div><div class="battle-history"><small>(Amoonguss lost <abbr title="−180/431">41.8%</abbr> of its health!)</small><br></div><div class="spacer battle-history"><br></div><div class="battle-history"><small>Amoonguss restored a little HP using its Black Sludge!</small><br></div><div class="spacer battle-history"><br></div><h2 class="battle-history">Turn 38</h2><div class="spacer battle-history"><br></div><div class="battle-history">Amoonguss, come back!<br></div><div class="battle-history">Go! Slowking (<strong>Slowking-Mega</strong>)!<br></div><div class="battle-history">[Slowking's Counter-Clockwise Spiral]<br></div><div class="battle-history"><small>Slowking twisted the dimensions!</small><br></div><div class="battle-history"><small>(Counter-Clockwise Spiral doesn't wear off until the user leaves the field!)</small><br></div><div class="spacer battle-history"><br></div><div class="battle-history">The opposing Lennard used <strong>Roost</strong>!<br></div><div class="battle-history"><small>The opposing Lennard had its HP restored.</small><br></div><div class="spacer battle-history"><br></div><h2 class="battle-history">Turn 39</h2><div class="spacer battle-history"><br></div><div class="battle-history">Slowking used <strong>Slack Off</strong>!<br></div><div class="battle-history"><small>Slowking had its HP restored.</small><br></div><div class="spacer battle-history"><br></div><div class="battle-history">The opposing Lennard used <strong>U-turn</strong>!<br></div><div class="battle-history"><small>It's super effective!</small><br></div><div class="battle-history"><small>(Slowking lost <abbr title="−60/394">15.2%</abbr> of its health!)</small><br></div><div class="spacer battle-history"><br></div><div class="battle-history">The opposing Lennard went back to Bekama!<br></div><div class="battle-history">Bekama sent out Jude (<strong>Rillaboom</strong>)!<br></div><div class="battle-history">[The opposing Jude's Grassy Surge]<br><small>Grass grew to cover the battlefield!</small><br></div><div class="spacer battle-history"><br></div><div class="battle-history"><small>Slowking's HP was restored.</small><br></div><div class="battle-history"><small>The opposing Jude's HP was restored.</small><br></div><div class="spacer battle-history"><br></div><h2 class="battle-history">Turn 40</h2><div class="spacer battle-history"><br></div><div class="battle-history"><small>The twisted dimensions returned to normal!</small><br></div><div class="spacer battle-history"><br></div><div class="battle-history">Slowking, come back!<br></div><div class="battle-history">Go! <strong>Buzzwole</strong>!<br></div><div class="spacer battle-history"><br></div><div class="battle-history">The opposing Jude used <strong>Wood Hammer</strong>!<br></div><div class="battle-history"><small>It's not very effective...</small><br></div><div class="battle-history"><small>(Buzzwole lost <abbr title="−144/417">34.5%</abbr> of its health!)</small><br></div><div class="battle-history"><small>The opposing Jude was hurt by the Rocky Helmet!</small><br></div><div class="battle-history"><small>The opposing Jude was damaged by the recoil!</small><br></div><div class="spacer battle-history"><br></div><div class="battle-history"><small>The opposing Jude's HP was restored.</small><br></div><div class="battle-history"><small>Buzzwole's HP was restored.</small><br></div><div class="spacer battle-history"><br></div><h2 class="battle-history">Turn 41</h2><div class="spacer battle-history"><br></div><div class="battle-history">Bekama withdrew Jude!<br></div><div class="battle-history">Bekama sent out Oliver (<strong>Rotom-Heat</strong>)!<br></div><div class="spacer battle-history"><br></div><div class="battle-history">Buzzwole used <strong>Ice Punch</strong>!<br></div><div class="battle-history"><small>It's not very effective...</small><br></div><div class="battle-history"><small>(The opposing Oliver lost 12% of its health!)</small><br></div><div class="spacer battle-history"><br></div><div class="battle-history"><small>Buzzwole's HP was restored.</small><br></div><div class="battle-history"><small>The opposing Oliver was hurt by poison!</small><br></div><div class="spacer battle-history"><br></div><h2 class="battle-history">Turn 42</h2><div class="chat"><small>+Gekokeso left</small></div><div class="spacer battle-history"><br></div><div class="battle-history">Buzzwole, come back!<br></div><div class="battle-history">Go! Slowking (<strong>Slowking-Mega</strong>)!<br></div><div class="battle-history">[Slowking's Counter-Clockwise Spiral]<br></div><div class="battle-history"><small>Slowking twisted the dimensions!</small><br></div><div class="battle-history"><small>(Counter-Clockwise Spiral doesn't wear off until the user leaves the field!)</small><br></div><div class="spacer battle-history"><br></div><div class="battle-history">The opposing Oliver used <strong>Volt Switch</strong>!<br></div><div class="battle-history"><small>It's super effective!</small><br></div><div class="battle-history"><small>(Slowking lost <abbr title="−156/394">39.6%</abbr> of its health!)</small><br></div><div class="spacer battle-history"><br></div><div class="battle-history">The opposing Oliver went back to Bekama!<br></div><div class="battle-history">Bekama sent out Kai (<strong>Tapu Koko</strong>)!<br></div><div class="battle-history">[The opposing Kai's Electric Surge]<br><small>An electric current ran across the battlefield!</small><br></div><div class="spacer battle-history"><br></div><h2 class="battle-history">Turn 43</h2><div class="spacer battle-history"><br></div><div class="battle-history"><small>The twisted dimensions returned to normal!</small><br></div><div class="spacer battle-history"><br></div><div class="battle-history">Slowking, come back!<br></div><div class="battle-history">Go! <strong>Amoonguss</strong>!<br></div><div class="spacer battle-history"><br></div><div class="battle-history">The opposing Kai used <strong>Thunderbolt</strong>!<br></div><div class="battle-history"><small>It's not very effective...</small><br></div><div class="battle-history"><small>(Amoonguss lost <abbr title="−85/431">19.7%</abbr> of its health!)</small><br></div><div class="spacer battle-history"><br></div><div class="battle-history"><small>Amoonguss restored a little HP using its Black Sludge!</small><br></div><div class="spacer battle-history"><br></div><h2 class="battle-history">Turn 44</h2><div class="spacer battle-history"><br></div><div class="battle-history">The opposing Kai used <strong>U-turn</strong>!<br></div><div class="battle-history"><small>(Amoonguss lost <abbr title="−71/431">16.5%</abbr> of its health!)</small><br></div><div class="spacer battle-history"><br></div><div class="battle-history">The opposing Kai went back to Bekama!<br></div><div class="battle-history">Bekama sent out Oliver (<strong>Rotom-Heat</strong>)!<br></div><div class="spacer battle-history"><br></div><div class="battle-history">Amoonguss used <strong>Clear Smog</strong>!<br></div><div class="battle-history"><small>A critical hit!</small><br></div><div class="battle-history"><small>(The opposing Oliver lost 21% of its health!)</small><br></div><div class="battle-history"><small>The opposing Oliver's stat changes were removed!</small><br></div><div class="spacer battle-history"><br></div><div class="battle-history">The opposing Oliver fainted!<br></div><div class="spacer battle-history"><br></div><div class="battle-history"><small>Amoonguss restored a little HP using its Black Sludge!</small><br></div><div class="spacer battle-history"><br></div><div class="battle-history">Bekama sent out Lennard (<strong>Noivern-Mega</strong>)!<br></div><div class="battle-history">[The opposing Lennard's Trace]<br>[The opposing Lennard's Regenerator]<br><small>The opposing Lennard traced Amoonguss's Regenerator!</small><br></div><div class="spacer battle-history"><br></div><h2 class="battle-history">Turn 45</h2><div class="chat chatmessage-bobsican"><strong style="color:#b30ed8"><small>+</small><span class="username" data-name="Bobsican">Bobsican</span>:</strong> <em>Did the crit matter?</em></div><div class="chat chatmessage-asnomplaysshowdown mine"><strong style="color:#1bb1b6"><small>☆</small><span class="username" data-name="ASnomPlaysShowdown">ASnomPlaysShowdown</span>:</strong> <em>idts</em></div><div class="chat chatmessage-anique"><strong style="color:#8081ca"><small>+</small><span class="username" data-name="anique">anique</span>:</strong> <em>no</em></div><div class="chat chatmessage-asnomplaysshowdown mine"><strong style="color:#1bb1b6"><small>☆</small><span class="username" data-name="ASnomPlaysShowdown">ASnomPlaysShowdown</span>:</strong> <em>since toxic poison</em></div><div class="spacer battle-history"><br></div><div class="battle-history">Amoonguss, come back!<br></div><div class="battle-history">Go! <strong>Heatran</strong>!<br></div><div class="spacer battle-history"><br></div><div class="battle-history">The opposing Lennard used <strong>Draco Meteor</strong>!<br></div><div class="battle-history"><small>It's not very effective...</small><br></div><div class="battle-history"><small>(Heatran lost <abbr title="−111/333">33.3%</abbr> of its health!)</small><br></div><div class="battle-history"><small>The opposing Lennard's Sp. Atk fell harshly!</small><br></div><div class="spacer battle-history"><br></div><h2 class="battle-history">Turn 46</h2><div class="chat chatmessage-trollfacegames"><strong style="color:#cb422a"><small> </small><span class="username" data-name="trollface games">trollface games</span>:</strong> <em>0 SpA Amoonguss Clear Smog vs. 248 HP / 0 SpD Rotom-Heat: 45-54 (14.8 - 17.8%) -- possible 6HKO</em></div><div class="chat chatmessage-trollfacegames"><strong style="color:#cb422a"><small> </small><span class="username" data-name="trollface games">trollface games</span>:</strong> <em>should have killed w/ toxic yes</em></div><div class="spacer battle-history"><br></div><div class="battle-history">The opposing Lennard used <strong>U-turn</strong>!<br></div><div class="battle-history"><small>It's not very effective...</small><br></div><div class="battle-history"><small>(Heatran lost <abbr title="−8/333">2.4%</abbr> of its health!)</small><br></div><div class="spacer battle-history"><br></div><div class="battle-history">The opposing Lennard went back to Bekama!<br></div><div class="battle-history">Bekama sent out Kai (<strong>Tapu Koko</strong>)!<br></div><div class="spacer battle-history"><br></div><div class="battle-history">Heatran used <strong>Magma Storm</strong>!<br></div><div class="battle-history"><small>(The opposing Kai lost 87% of its health!)</small><br></div><div class="battle-history"><small>The opposing Kai became trapped by swirling magma!</small><br></div><div class="spacer battle-history"><br></div><div class="battle-history"><small>The opposing Kai is hurt by Magma Storm!</small><br></div><div class="spacer battle-history"><br></div><div class="battle-history">The opposing Kai fainted!<br></div><div class="battle-history"><small>The electricity disappeared from the battlefield.</small><br></div><div class="chat chatmessage-bobsican"><strong style="color:#b30ed8"><small>+</small><span class="username" data-name="Bobsican">Bobsican</span>:</strong> <em>Unless lol Volt Switch</em></div><div class="spacer battle-history"><br></div><div class="battle-history">Bekama sent out Urshifu-Rapid-Stri (<strong>Urshifu-Rapid-Strike</strong>)!<br></div><div class="spacer battle-history"><br></div><h2 class="battle-history">Turn 47</h2><div class="spacer battle-history"><br></div><div class="battle-history">Heatran, come back!<br></div><div class="battle-history">Go! <strong>Amoonguss</strong>!<br></div><div class="spacer battle-history"><br></div><div class="battle-history">The opposing Urshifu-Rapid-Stri used <strong>Surging Strikes</strong>!<br></div><div class="battle-history"><small>It's not very effective...</small><br></div><div class="battle-history"><small>A critical hit!</small><br></div><div class="battle-history"><small>(Amoonguss lost <abbr title="−39/431">9.0%</abbr> of its health!)</small><br></div><div class="battle-history"><small>It's not very effective...</small><br></div><div class="battle-history"><small>A critical hit!</small><br></div><div class="battle-history"><small>(Amoonguss lost <abbr title="−38/431">8.8%</abbr> of its health!)</small><br></div><div class="battle-history"><small>It's not very effective...</small><br></div><div class="battle-history"><small>A critical hit!</small><br></div><div class="battle-history"><small>(Amoonguss lost <abbr title="−45/431">10.4%</abbr> of its health!)</small><br></div><div class="battle-history"><small>The Pokémon was hit 3 times!</small><br></div><div class="spacer battle-history"><br></div><div class="battle-history"><small>Amoonguss restored a little HP using its Black Sludge!</small><br></div><div class="spacer battle-history"><br></div><h2 class="battle-history">Turn 48</h2><div class="spacer battle-history"><br></div><div class="battle-history">The opposing Urshifu-Rapid-Stri used <strong>U-turn</strong>!<br></div><div class="battle-history"><small>A critical hit!</small><br></div><div class="battle-history"><small>(Amoonguss lost <abbr title="−145/431">33.6%</abbr> of its health!)</small><br></div><div class="spacer battle-history"><br></div><div class="battle-history">The opposing Urshifu-Rapid-Stri went back to Bekama!<br></div><div class="battle-history">Bekama sent out Lennard (<strong>Noivern-Mega</strong>)!<br></div><div class="battle-history">[The opposing Lennard's Trace]<br>[The opposing Lennard's Regenerator]<br><small>The opposing Lennard traced Amoonguss's Regenerator!</small><br></div><div class="spacer battle-history"><br></div><div class="battle-history">Amoonguss used <strong>Spore</strong>!<br></div><div class="battle-history"><small>The opposing Lennard fell asleep!</small><br></div><div class="spacer battle-history"><br></div><div class="battle-history"><small>Amoonguss restored a little HP using its Black Sludge!</small><br></div><div class="spacer battle-history"><br></div><h2 class="battle-history">Turn 49</h2><div class="chat"><small>+zxgzxg joined</small></div><div class="spacer battle-history"><br></div><div class="battle-history">Amoonguss, come back!<br></div><div class="battle-history">Go! <strong>Weavile</strong>!<br></div><div class="battle-history">[Weavile's Pressure]<br><small>Weavile is exerting its pressure!</small><br></div><div class="spacer battle-history"><br></div><div class="battle-history">The opposing Lennard is fast asleep.<br></div><div class="spacer battle-history"><br></div><h2 class="battle-history">Turn 50</h2><div class="spacer battle-history"><br></div><div class="battle-history"><small>The opposing Lennard woke up!</small><br></div><div class="spacer battle-history"><br></div><div class="battle-history">The opposing Lennard used <strong>Flamethrower</strong>!<br></div><div class="battle-history"><small>It's super effective!</small><br></div><div class="battle-history"><small>(Weavile lost <abbr title="−268/281">95.4%</abbr> of its health!)</small><br></div><div class="spacer battle-history"><br></div><div class="battle-history">Weavile used <strong>Knock Off</strong>!<br></div><div class="battle-history"><small>It's super effective!</small><br></div><div class="battle-history"><small>(The opposing Lennard lost 93% of its health!)</small><br></div><div class="spacer battle-history"><br></div><h2 class="battle-history">Turn 51</h2><div class="spacer battle-history"><br></div><div class="battle-history">The opposing Lennard used <strong>U-turn</strong>!<br></div><div class="battle-history"><small>It's super effective!</small><br></div><div class="battle-history"><small>(Weavile lost <abbr title="−13/281">4.6%</abbr> of its health!)</small><br></div><div class="spacer battle-history"><br></div><div class="battle-history">Weavile fainted!<br></div><div class="chat"><small>+Gekokeso joined</small></div><div class="spacer battle-history"><br></div><div class="battle-history">The opposing Lennard went back to Bekama!<br></div><div class="battle-history">Bekama sent out Jude (<strong>Rillaboom</strong>)!<br></div><div class="battle-history">[The opposing Jude's Grassy Surge]<br><small>Grass grew to cover the battlefield!</small><br></div><div class="spacer battle-history"><br></div><div class="battle-history"><small>The opposing Jude's HP was restored.</small><br></div><div class="spacer battle-history"><br></div><div class="battle-history">Go! <strong>Buzzwole</strong>!<br></div><div class="spacer battle-history"><br></div><h2 class="battle-history">Turn 52</h2><div class="spacer battle-history"><br></div><div class="battle-history">The opposing Jude used <strong>U-turn</strong>!<br></div><div class="battle-history"><small>It's not very effective...</small><br></div><div class="battle-history"><small>(Buzzwole lost <abbr title="−38/417">9.1%</abbr> of its health!)</small><br></div><div class="battle-history"><small>The opposing Jude was hurt by the Rocky Helmet!</small><br></div><div class="spacer battle-history"><br></div><div class="battle-history">The opposing Jude went back to Bekama!<br></div><div class="battle-history">Bekama sent out Urshifu-Rapid-Stri (<strong>Urshifu-Rapid-Strike</strong>)!<br></div><div class="spacer battle-history"><br></div><div class="battle-history">Buzzwole used <strong>Drain Punch</strong>!<br></div><div class="battle-history"><small>(The opposing Urshifu-Rapid-Stri lost 36% of its health!)</small><br></div><div class="battle-history"><small>The opposing Urshifu-Rapid-Stri had its energy drained!</small><br></div><div class="spacer battle-history"><br></div><div class="battle-history"><small>The opposing Urshifu-Rapid-Stri's HP was restored.</small><br></div><div class="battle-history"><small>Buzzwole's HP was restored.</small><br></div><div class="spacer battle-history"><br></div><h2 class="battle-history">Turn 53</h2><div class="chat chatmessage-asnomplaysshowdown mine"><strong style="color:#1bb1b6"><small>☆</small><span class="username" data-name="ASnomPlaysShowdown">ASnomPlaysShowdown</span>:</strong> <em>shoulda went for shard</em></div><div class="chat chatmessage-bobsican"><strong style="color:#b30ed8"><small>+</small><span class="username" data-name="Bobsican">Bobsican</span>:</strong> <em>It wasn't CB? rip</em></div><div class="chat chatmessage-asnomplaysshowdown mine"><strong style="color:#1bb1b6"><small>☆</small><span class="username" data-name="ASnomPlaysShowdown">ASnomPlaysShowdown</span>:</strong> <em>it was</em></div><div class="spacer battle-history"><br></div><div class="battle-history">The opposing Urshifu-Rapid-Stri used <strong>Surging Strikes</strong>!<br></div><div class="battle-history"><small>A critical hit!</small><br></div><div class="battle-history"><small>(Buzzwole lost <abbr title="−39/417">9.4%</abbr> of its health!)</small><br></div><div class="battle-history"><small>The opposing Urshifu-Rapid-Stri was hurt by the Rocky Helmet!</small><br></div><div class="battle-history"><small>A critical hit!</small><br></div><div class="battle-history"><small>(Buzzwole lost <abbr title="−40/417">9.6%</abbr> of its health!)</small><br></div><div class="battle-history"><small>The opposing Urshifu-Rapid-Stri was hurt by the Rocky Helmet!</small><br></div><div class="battle-history"><small>A critical hit!</small><br></div><div class="battle-history"><small>(Buzzwole lost <abbr title="−40/417">9.6%</abbr> of its health!)</small><br></div><div class="battle-history"><small>The opposing Urshifu-Rapid-Stri was hurt by the Rocky Helmet!</small><br></div><div class="battle-history"><small>The Pokémon was hit 3 times!</small><br></div><div class="spacer battle-history"><br></div><div class="battle-history">The opposing Urshifu-Rapid-Stri fainted!<br></div><div class="battle-history">Buzzwole used <strong>Drain Punch</strong>!<br></div><div class="battle-history"><small>But it failed!</small><br></div><div class="spacer battle-history"><br></div><div class="battle-history"><small>Buzzwole's HP was restored.</small><br></div><div class="spacer battle-history"><br></div><div class="battle-history">Bekama sent out Lennard (<strong>Noivern-Mega</strong>)!<br></div><div class="battle-history">[The opposing Lennard's Trace]<br>[The opposing Lennard's Beast Boost]<br><small>The opposing Lennard traced Buzzwole's Beast Boost!</small><br></div><div class="spacer battle-history"><br></div><h2 class="battle-history">Turn 54</h2><div class="spacer battle-history"><br></div><div class="battle-history">Buzzwole, come back!<br></div><div class="battle-history">Go! <strong>Gliscor</strong>!<br></div><div class="spacer battle-history"><br></div><div class="battle-history">The opposing Lennard used <strong>Flamethrower</strong>!<br></div><div class="battle-history"><small>(Gliscor lost <abbr title="−110/352">31.3%</abbr> of its health!)</small><br></div><div class="spacer battle-history"><br></div><div class="battle-history"><small>The opposing Lennard's HP was restored.</small><br></div><div class="battle-history">[Gliscor's Poison Heal]<br><small>Gliscor had its HP restored.</small><br></div><div class="spacer battle-history"><br></div><h2 class="battle-history">Turn 55</h2><div class="spacer battle-history"><br></div><div class="battle-history">The opposing Lennard used <strong>Draco Meteor</strong>!<br></div><div class="battle-history"><small>(Gliscor lost <abbr title="−131/352">37.2%</abbr> of its health!)</small><br></div><div class="battle-history"><small>The opposing Lennard's Sp. Atk fell harshly!</small><br></div><div class="spacer battle-history"><br></div><div class="battle-history">Gliscor fainted!<br></div><div class="battle-history">[The opposing Lennard's Beast Boost]<br></div><div class="battle-history"><small>The opposing Lennard's Speed rose!</small><br></div><div class="spacer battle-history"><br></div><div class="battle-history"><small>The opposing Lennard's HP was restored.</small><br></div><div class="battle-history"><small>The grass disappeared from the battlefield.</small><br></div><div class="spacer battle-history"><br></div><div class="battle-history">Go! <strong>Heatran</strong>!<br></div><div class="spacer battle-history"><br></div><h2 class="battle-history">Turn 56</h2><div class="chat"><small>+anique left</small></div><div class="spacer battle-history"><br></div><div class="battle-history">The opposing Lennard used <strong>Roost</strong>!<br></div><div class="battle-history"><small>The opposing Lennard had its HP restored.</small><br></div><div class="spacer battle-history"><br></div><div class="battle-history">Heatran used <strong>Magma Storm</strong>!<br></div><div class="battle-history"><small>The opposing Lennard avoided the attack!</small><br></div><div class="spacer battle-history"><br></div><h2 class="battle-history">Turn 57</h2><div class="chat chatmessage-gekokeso"><strong style="color:#9b940e"><small>+</small><span class="username" data-name="Gekokeso">Gekokeso</span>:</strong> <em>Alright Bekama</em></div><div class="spacer battle-history"><br></div><div class="battle-history">The opposing Lennard used <strong>Draco Meteor</strong>!<br></div><div class="battle-history"><small>It's not very effective...</small><br></div><div class="battle-history"><small>(Heatran lost <abbr title="−58/333">17.4%</abbr> of its health!)</small><br></div><div class="battle-history"><small>The opposing Lennard's Sp. Atk fell harshly!</small><br></div><div class="spacer battle-history"><br></div><div class="battle-history">Heatran used <strong>Magma Storm</strong>!<br></div><div class="battle-history"><small>The opposing Lennard avoided the attack!</small><br></div><div class="spacer battle-history"><br></div><h2 class="battle-history">Turn 58</h2><div class="chat chatmessage-gekokeso"><strong style="color:#9b940e"><small>+</small><span class="username" data-name="Gekokeso">Gekokeso</span>:</strong> <em>Just repeat that</em></div><div class="spacer battle-history"><br></div><div class="battle-history">Heatran, come back!<br></div><div class="battle-history">Go! <strong>Amoonguss</strong>!<br></div><div class="spacer battle-history"><br></div><div class="battle-history">The opposing Lennard used <strong>U-turn</strong>!<br></div><div class="battle-history"><small>(Amoonguss lost <abbr title="−46/431">10.7%</abbr> of its health!)</small><br></div><div class="spacer battle-history"><br></div><div class="battle-history">The opposing Lennard went back to Bekama!<br></div><div class="battle-history">Bekama sent out Jude (<strong>Rillaboom</strong>)!<br></div><div class="battle-history">[The opposing Jude's Grassy Surge]<br><small>Grass grew to cover the battlefield!</small><br></div><div class="spacer battle-history"><br></div><div class="battle-history"><small>The opposing Jude's HP was restored.</small><br></div><div class="battle-history"><small>Amoonguss restored a little HP using its Black Sludge!</small><br></div><div class="battle-history"><small>Amoonguss's HP was restored.</small><br></div><div class="spacer battle-history"><br></div><h2 class="battle-history">Turn 59</h2><div class="spacer battle-history"><br></div><div class="battle-history">Amoonguss, come back!<br></div><div class="battle-history">Go! <strong>Buzzwole</strong>!<br></div><div class="spacer battle-history"><br></div><div class="battle-history">The opposing Jude used <strong>U-turn</strong>!<br></div><div class="battle-history"><small>It's not very effective...</small><br></div><div class="battle-history"><small>(Buzzwole lost <abbr title="−43/417">10.3%</abbr> of its health!)</small><br></div><div class="battle-history"><small>The opposing Jude was hurt by the Rocky Helmet!</small><br></div><div class="spacer battle-history"><br></div><div class="battle-history">The opposing Jude went back to Bekama!<br></div><div class="battle-history">Bekama sent out Lennard (<strong>Noivern-Mega</strong>)!<br></div><div class="battle-history">[The opposing Lennard's Trace]<br>[The opposing Lennard's Beast Boost]<br><small>The opposing Lennard traced Buzzwole's Beast Boost!</small><br></div><div class="spacer battle-history"><br></div><div class="battle-history"><small>Buzzwole's HP was restored.</small><br></div><div class="spacer battle-history"><br></div><h2 class="battle-history">Turn 60</h2><div class="spacer battle-history"><br></div><div class="battle-history">Buzzwole, come back!<br></div><div class="battle-history">Go! <strong>Amoonguss</strong>!<br></div><div class="spacer battle-history"><br></div><div class="battle-history">The opposing Lennard used <strong>Flamethrower</strong>!<br></div><div class="battle-history"><small>It's super effective!</small><br></div><div class="battle-history"><small>(Amoonguss lost <abbr title="−204/431">47.3%</abbr> of its health!)</small><br></div><div class="battle-history"><small>Amoonguss was burned!</small><br></div><div class="spacer battle-history"><br></div><div class="battle-history"><small>Amoonguss restored a little HP using its Black Sludge!</small><br></div><div class="battle-history"><small>Amoonguss's HP was restored.</small><br></div><div class="battle-history"><small>Amoonguss was hurt by its burn!</small><br></div><div class="spacer battle-history"><br></div><h2 class="battle-history">Turn 61</h2><div class="spacer battle-history"><br></div><div class="battle-history">Amoonguss, come back!<br></div><div class="battle-history">Go! <strong>Heatran</strong>!<br></div><div class="spacer battle-history"><br></div><div class="battle-history">The opposing Lennard used <strong>Flamethrower</strong>!<br></div><div class="battle-history">[Heatran's Flash Fire]<br><small>The power of Heatran's Fire-type moves rose!</small><br></div><div class="spacer battle-history"><br></div><div class="battle-history"><small>Heatran's HP was restored.</small><br></div><div class="spacer battle-history"><br></div><h2 class="battle-history">Turn 62</h2><div class="spacer battle-history"><br></div><div class="battle-history">Heatran, come back!<br></div><div class="battle-history">Go! <strong>Amoonguss</strong>!<br></div><div class="spacer battle-history"><br></div><div class="battle-history">The opposing Lennard used <strong>Flamethrower</strong>!<br></div><div class="battle-history"><small>It's super effective!</small><br></div><div class="battle-history"><small>(Amoonguss lost <abbr title="−198/431">45.9%</abbr> of its health!)</small><br></div><div class="spacer battle-history"><br></div><div class="battle-history"><small>Amoonguss restored a little HP using its Black Sludge!</small><br></div><div class="battle-history"><small>Amoonguss's HP was restored.</small><br></div><div class="battle-history"><small>The grass disappeared from the battlefield.</small><br></div><div class="battle-history"><small>Amoonguss was hurt by its burn!</small><br></div><div class="spacer battle-history"><br></div><h2 class="battle-history">Turn 63</h2><div class="spacer battle-history"><br></div><div class="battle-history">Amoonguss, come back!<br></div><div class="battle-history">Go! <strong>Heatran</strong>!<br></div><div class="spacer battle-history"><br></div><div class="battle-history">The opposing Lennard used <strong>Draco Meteor</strong>!<br></div><div class="battle-history"><small>It's not very effective...</small><br></div><div class="battle-history"><small>(Heatran lost <abbr title="−59/333">17.7%</abbr> of its health!)</small><br></div><div class="battle-history"><small>The opposing Lennard's Sp. Atk fell harshly!</small><br></div><div class="spacer battle-history"><br></div><div class="battle-history">Heatran fainted!<br></div><div class="battle-history">[The opposing Lennard's Beast Boost]<br></div><div class="battle-history"><small>The opposing Lennard's Speed rose!</small><br></div><div class="spacer battle-history"><br></div><div class="battle-history">Go! <strong>Amoonguss</strong>!<br></div><div class="spacer battle-history"><br></div><h2 class="battle-history">Turn 64</h2><div class="spacer battle-history"><br></div><div class="battle-history">The opposing Lennard used <strong>U-turn</strong>!<br></div><div class="battle-history"><small>(Amoonguss lost <abbr title="−48/431">11.1%</abbr> of its health!)</small><br></div><div class="spacer battle-history"><br></div><div class="battle-history">The opposing Lennard went back to Bekama!<br></div><div class="battle-history">Bekama sent out Jude (<strong>Rillaboom</strong>)!<br></div><div class="battle-history">[The opposing Jude's Grassy Surge]<br><small>Grass grew to cover the battlefield!</small><br></div><div class="spacer battle-history"><br></div><div class="battle-history">Amoonguss used <strong>Hidden Power</strong>!<br></div><div class="battle-history"><small>It's super effective!</small><br></div><div class="battle-history"><small>(The opposing Jude lost 30% of its health!)</small><br></div><div class="spacer battle-history"><br></div><div class="battle-history"><small>The opposing Jude's HP was restored.</small><br></div><div class="battle-history"><small>Amoonguss restored a little HP using its Black Sludge!</small><br></div><div class="battle-history"><small>Amoonguss's HP was restored.</small><br></div><div class="battle-history"><small>Amoonguss was hurt by its burn!</small><br></div><div class="spacer battle-history"><br></div><h2 class="battle-history">Turn 65</h2><div class="spacer battle-history"><br></div><div class="battle-history">Bekama withdrew Jude!<br></div><div class="battle-history">Bekama sent out Lennard (<strong>Noivern-Mega</strong>)!<br></div><div class="battle-history">[The opposing Lennard's Trace]<br>[The opposing Lennard's Regenerator]<br><small>The opposing Lennard traced Amoonguss's Regenerator!</small><br></div><div class="spacer battle-history"><br></div><div class="battle-history">Amoonguss used <strong>Spore</strong>!<br></div><div class="battle-history"><small>The opposing Lennard fell asleep!</small><br></div><div class="spacer battle-history"><br></div><div class="battle-history"><small>Amoonguss restored a little HP using its Black Sludge!</small><br></div><div class="battle-history"><small>Amoonguss's HP was restored.</small><br></div><div class="battle-history"><small>Amoonguss was hurt by its burn!</small><br></div><div class="spacer battle-history"><br></div><h2 class="battle-history">Turn 66</h2><div class="spacer battle-history"><br></div><div class="battle-history">Bekama withdrew Lennard!<br></div><div class="battle-history">Bekama sent out Jude (<strong>Rillaboom</strong>)!<br></div><div class="spacer battle-history"><br></div><div class="battle-history">Amoonguss, come back!<br></div><div class="battle-history">Go! Slowking (<strong>Slowking-Mega</strong>)!<br></div><div class="battle-history">[Slowking's Counter-Clockwise Spiral]<br></div><div class="battle-history"><small>Slowking twisted the dimensions!</small><br></div><div class="battle-history"><small>(Counter-Clockwise Spiral doesn't wear off until the user leaves the field!)</small><br></div><div class="spacer battle-history"><br></div><div class="battle-history"><small>Slowking's HP was restored.</small><br></div><div class="battle-history"><small>The opposing Jude's HP was restored.</small><br></div><div class="spacer battle-history"><br></div><h2 class="battle-history">Turn 67</h2><div class="spacer battle-history"><br></div><div class="battle-history"><small>The twisted dimensions returned to normal!</small><br></div><div class="spacer battle-history"><br></div><div class="battle-history">Slowking, come back!<br></div><div class="battle-history">Go! <strong>Buzzwole</strong>!<br></div><div class="spacer battle-history"><br></div><div class="battle-history">The opposing Jude used <strong>Wood Hammer</strong>!<br></div><div class="battle-history"><small>It's not very effective...</small><br></div><div class="battle-history"><small>(Buzzwole lost <abbr title="−138/417">33.1%</abbr> of its health!)</small><br></div><div class="battle-history"><small>The opposing Jude was hurt by the Rocky Helmet!</small><br></div><div class="spacer battle-history"><br></div><div class="battle-history">The opposing Jude fainted!<br></div><div class="spacer battle-history"><br></div><div class="battle-history"><small>Buzzwole's HP was restored.</small><br></div><div class="spacer battle-history"><br></div><div class="battle-history">Bekama sent out Lennard (<strong>Noivern-Mega</strong>)!<br></div><div class="battle-history">[The opposing Lennard's Trace]<br>[The opposing Lennard's Beast Boost]<br><small>The opposing Lennard traced Buzzwole's Beast Boost!</small><br></div><div class="spacer battle-history"><br></div><h2 class="battle-history">Turn 68</h2><div class="spacer battle-history"><br></div><div class="battle-history">Buzzwole, come back!<br></div><div class="battle-history">Go! Slowking (<strong>Slowking-Mega</strong>)!<br></div><div class="battle-history">[Slowking's Counter-Clockwise Spiral]<br></div><div class="battle-history"><small>Slowking twisted the dimensions!</small><br></div><div class="battle-history"><small>(Counter-Clockwise Spiral doesn't wear off until the user leaves the field!)</small><br></div><div class="spacer battle-history"><br></div><div class="battle-history">The opposing Lennard is fast asleep.<br></div><div class="spacer battle-history"><br></div><div class="battle-history"><small>Slowking's HP was restored.</small><br></div><div class="battle-history"><small>The grass disappeared from the battlefield.</small><br></div><div class="spacer battle-history"><br></div><h2 class="battle-history">Turn 69</h2><div class="spacer battle-history"><br></div><div class="battle-history">Slowking used <strong>Calm Mind</strong>!<br></div><div class="battle-history"><small>Slowking's Sp. Atk rose!</small><br></div><div class="battle-history"><small>Slowking's Sp. Def rose!</small><br></div><div class="battle-history"><small>The opposing Lennard woke up!</small><br></div><div class="spacer battle-history"><br></div><div class="battle-history">The opposing Lennard used <strong>Draco Meteor</strong>!<br></div><div class="battle-history"><small>Slowking avoided the attack!</small><br></div><div class="spacer battle-history"><br></div><h2 class="battle-history">Turn 70</h2><div class="chat chatmessage-asnomplaysshowdown mine"><strong style="color:#1bb1b6"><small>☆</small><span class="username" data-name="ASnomPlaysShowdown">ASnomPlaysShowdown</span>:</strong> <em>sry</em></div><div class="chat chatmessage-bekama"><strong style="color:#ac8416"><small>☆</small><span class="username" data-name="Bekama">Bekama</span>:</strong> <em>gg</em></div><div class="chat chatmessage-asnomplaysshowdown mine"><strong style="color:#1bb1b6"><small>☆</small><span class="username" data-name="ASnomPlaysShowdown">ASnomPlaysShowdown</span>:</strong> <em>gg i think</em></div><div class="spacer battle-history"><br></div><div class="battle-history">Slowking used <strong>Slack Off</strong>!<br></div><div class="battle-history"><small>Slowking had its HP restored.</small><br></div><div class="spacer battle-history"><br></div><div class="battle-history">The opposing Lennard used <strong>U-turn</strong>!<br></div><div class="battle-history"><small>It's super effective!</small><br></div><div class="battle-history"><small>(Slowking lost <abbr title="−62/394">15.7%</abbr> of its health!)</small><br></div><div class="spacer battle-history"><br></div><h2 class="battle-history">Turn 71</h2><div class="spacer battle-history"><br></div><div class="battle-history">Slowking used <strong>Calm Mind</strong>!<br></div><div class="battle-history"><small>Slowking's Sp. Atk rose!</small><br></div><div class="battle-history"><small>Slowking's Sp. Def rose!</small><br></div><div class="spacer battle-history"><br></div><div class="battle-history">The opposing Lennard used <strong>U-turn</strong>!<br></div><div class="battle-history"><small>It's super effective!</small><br></div><div class="battle-history"><small>(Slowking lost <abbr title="−64/394">16.2%</abbr> of its health!)</small><br></div><div class="spacer battle-history"><br></div><h2 class="battle-history">Turn 72</h2><div class="spacer battle-history"><br></div><div class="battle-history">Slowking used <strong>Slack Off</strong>!<br></div><div class="battle-history"><small>Slowking had its HP restored.</small><br></div><div class="spacer battle-history"><br></div><div class="battle-history">The opposing Lennard used <strong>U-turn</strong>!<br></div><div class="battle-history"><small>It's super effective!</small><br></div><div class="battle-history"><small>(Slowking lost <abbr title="−62/394">15.7%</abbr> of its health!)</small><br></div><div class="spacer battle-history"><br></div><h2 class="battle-history">Turn 73</h2><div class="chat message-error">[Invalid choice] There's nothing to cancel</div><div class="spacer battle-history"><br></div><div class="battle-history">Slowking used <strong>Scald</strong>!<br></div><div class="battle-history"><small>It's not very effective...</small><br></div><div class="battle-history"><small>(The opposing Lennard lost 31% of its health!)</small><br></div><div class="spacer battle-history"><br></div><div class="battle-history">The opposing Lennard used <strong>Flamethrower</strong>!<br></div><div class="battle-history"><small>It's not very effective...</small><br></div><div class="battle-history"><small>(Slowking lost <abbr title="−27/394">6.9%</abbr> of its health!)</small><br></div><div class="spacer battle-history"><br></div><h2 class="battle-history">Turn 74</h2><div class="spacer battle-history"><br></div><div class="battle-history">Slowking used <strong>Calm Mind</strong>!<br></div><div class="battle-history"><small>Slowking's Sp. Atk rose!</small><br></div><div class="battle-history"><small>Slowking's Sp. Def rose!</small><br></div><div class="spacer battle-history"><br></div><div class="battle-history">The opposing Lennard used <strong>Flamethrower</strong>!<br></div><div class="battle-history"><small>It's not very effective...</small><br></div><div class="battle-history"><small>(Slowking lost <abbr title="−21/394">5.3%</abbr> of its health!)</small><br></div><div class="spacer battle-history"><br></div><h2 class="battle-history">Turn 75</h2><div class="spacer battle-history"><br></div><div class="battle-history">Slowking used <strong>Scald</strong>!<br></div><div class="battle-history"><small>It's not very effective...</small><br></div><div class="battle-history"><small>(The opposing Lennard lost 39% of its health!)</small><br></div><div class="spacer battle-history"><br></div><div class="battle-history">The opposing Lennard used <strong>Flamethrower</strong>!<br></div><div class="battle-history"><small>It's not very effective...</small><br></div><div class="battle-history"><small>(Slowking lost <abbr title="−21/394">5.3%</abbr> of its health!)</small><br></div><div class="spacer battle-history"><br></div><h2 class="battle-history">Turn 76</h2><div class="chat"><div class="message"><ul class="utilichart"><li class="result"><span class="col numcol">Tier 3 Mega</span> <span class="col iconcol"><span class="picon" style="background: transparent url(&quot;https://play.pokemonshowdown.com/sprites/pokemonicons-sheet.png?v7&quot;) no-repeat scroll -0px -0px"></span></span> <span class="col pokemonnamecol" style="white-space: nowrap"><a href="https://dex.pokemonshowdown.com/pokemon/noivernmega" target="_blank" rel="noopener">Noivern-Mega</a></span> <span class="col typecol"><img src="https://dragonheaven.herokuapp.com/sprites/types/Psychic.png" alt="Psychic" height="14" width="32"><img src="https://dragonheaven.herokuapp.com/sprites/types/Dragon.png" alt="Dragon" height="14" width="32"></span> <span style="float: left ; min-height: 26px"><span class="col abilitycol">Trace</span><span class="col abilitycol"></span></span><span style="float: left ; min-height: 26px"><span class="col statcol"><em>HP</em><br>85</span> <span class="col statcol"><em>Atk</em><br>70</span> <span class="col statcol"><em>Def</em><br>95</span> <span class="col statcol"><em>SpA</em><br>120</span> <span class="col statcol"><em>SpD</em><br>95</span> <span class="col statcol"><em>Spe</em><br>170</span> <span class="col bstcol"><em>BST<br>635</em></span> </span></li><li style="clear: both"></li></ul></div></div><div class="chat"><font size="1"><font color="#686868">Dex#:</font> 715&nbsp;|  <font color="#686868">Gen:</font> 6&nbsp;|  <font color="#686868">Height:</font> 1.5 m&nbsp;|  <font color="#686868">Weight:</font> 85 kg <em>(80 BP)</em>&nbsp;|  <font color="#686868">Dex Colour:</font> Purple&nbsp;|  <font color="#686868">Egg Group(s):</font> Flying, Dragon&nbsp;|  <font color="#686868">Does Not Evolve</font></font></div><div class="spacer battle-history"><br></div><div class="battle-history">Slowking used <strong>Scald</strong>!<br></div><div class="battle-history"><small>It's not very effective...</small><br></div><div class="battle-history"><small>(The opposing Lennard lost 30% of its health!)</small><br></div><div class="spacer battle-history"><br></div><div class="battle-history">The opposing Lennard fainted!<br></div><div class="spacer battle-history"><br></div><div class="battle-history"><strong>ASnomPlaysShowdown</strong> won the battle!<br></div><div class="chat chatmessage-bekama"><strong style="color:#ac8416"><small>☆</small><span class="username" data-name="Bekama">Bekama</span>:</strong> <em>gg</em></div><div class="chat chatmessage-asnomplaysshowdown mine"><strong style="color:#1bb1b6"><small>☆</small><span class="username" data-name="ASnomPlaysShowdown">ASnomPlaysShowdown</span>:</strong> <em>gg</em></div></div><div class="inner-preempt message-log"></div></div></div>
</div>
<script>
let daily = Math.floor(Date.now()/1000/60/60/24);document.write('<script src="https://play.pokemonshowdown.com/js/replay-embed.js?version'+daily+'"></'+'script>');
</script>
