<!DOCTYPE html>
<meta charset="utf-8" />
<!-- version 1 -->
<title>[Gen 8] Alternatium replay: Clastia vs. arbys roast beef</title>
<style>
html,body {font-family:Verdana, sans-serif;font-size:10pt;margin:0;padding:0;}body{padding:12px 0;} .battle-log {font-family:Verdana, sans-serif;font-size:10pt;} .battle-log-inline {border:1px solid #AAAAAA;background:#EEF2F5;color:black;max-width:640px;margin:0 auto 80px;padding-bottom:5px;} .battle-log .inner {padding:4px 8px 0px 8px;} .battle-log .inner-preempt {padding:0 8px 4px 8px;} .battle-log .inner-after {margin-top:0.5em;} .battle-log h2 {margin:0.5em -8px;padding:4px 8px;border:1px solid #AAAAAA;background:#E0E7EA;border-left:0;border-right:0;font-family:Verdana, sans-serif;font-size:13pt;} .battle-log .chat {vertical-align:middle;padding:3px 0 3px 0;font-size:8pt;} .battle-log .chat strong {color:#40576A;} .battle-log .chat em {padding:1px 4px 1px 3px;color:#000000;font-style:normal;} .chat.mine {background:rgba(0,0,0,0.05);margin-left:-8px;margin-right:-8px;padding-left:8px;padding-right:8px;} .spoiler {color:#BBBBBB;background:#BBBBBB;padding:0px 3px;} .spoiler:hover, .spoiler:active, .spoiler-shown {color:#000000;background:#E2E2E2;padding:0px 3px;} .spoiler a {color:#BBBBBB;} .spoiler:hover a, .spoiler:active a, .spoiler-shown a {color:#2288CC;} .chat code, .chat .spoiler:hover code, .chat .spoiler:active code, .chat .spoiler-shown code {border:1px solid #C0C0C0;background:#EEEEEE;color:black;padding:0 2px;} .chat .spoiler code {border:1px solid #CCCCCC;background:#CCCCCC;color:#CCCCCC;} .battle-log .rated {padding:3px 4px;} .battle-log .rated strong {color:white;background:#89A;padding:1px 4px;border-radius:4px;} .spacer {margin-top:0.5em;} .message-announce {background:#6688AA;color:white;padding:1px 4px 2px;} .message-announce a, .broadcast-green a, .broadcast-blue a, .broadcast-red a {color:#DDEEFF;} .broadcast-green {background-color:#559955;color:white;padding:2px 4px;} .broadcast-blue {background-color:#6688AA;color:white;padding:2px 4px;} .infobox {border:1px solid #6688AA;padding:2px 4px;} .infobox-limited {max-height:200px;overflow:auto;overflow-x:hidden;} .broadcast-red {background-color:#AA5544;color:white;padding:2px 4px;} .message-learn-canlearn {font-weight:bold;color:#228822;text-decoration:underline;} .message-learn-cannotlearn {font-weight:bold;color:#CC2222;text-decoration:underline;} .message-effect-weak {font-weight:bold;color:#CC2222;} .message-effect-resist {font-weight:bold;color:#6688AA;} .message-effect-immune {font-weight:bold;color:#666666;} .message-learn-list {margin-top:0;margin-bottom:0;} .message-throttle-notice, .message-error {color:#992222;} .message-overflow, .chat small.message-overflow {font-size:0pt;} .message-overflow::before {font-size:9pt;content:'...';} .subtle {color:#3A4A66;}
</style>
<div class="wrapper replay-wrapper" style="max-width:1180px;margin:0 auto">
<input type="hidden" name="replayid" value="dragonheaven-gen8alternatium-1" />
<div class="battle"></div><div class="battle-log"></div><div class="replay-controls"></div><div class="replay-controls-2"></div>
<h1 style="font-weight:normal;text-align:center"><strong>[Gen 8] Alternatium</strong><br /><a href="http://pokemonshowdown.com/users/clastia" class="subtle" target="_blank">Clastia</a> vs. <a href="http://pokemonshowdown.com/users/arbysroastbeef" class="subtle" target="_blank">arbys roast beef</a></h1>
<script type="text/plain" class="battle-log-data">|j|☆Clastia
|j|☆arbys roast beef
|t:|1653078577
|player|p1|Clastia|colress-gen7|
|player|p2|arbys roast beef|lucas|
|teamsize|p1|6
|teamsize|p2|6
|gametype|singles
|gen|8
|tier|[Gen 8] Alternatium
|clearpoke
|poke|p1|Linoone-Punk, M|
|poke|p1|Silvally-Steel|
|poke|p1|Deoxys-Wood|
|poke|p1|Sandslash-Lustrous, F|
|poke|p1|Zamazenta-Crowned|
|poke|p1|Cummulus, M|
|poke|p2|Eternatus|
|poke|p2|Sandslash-Lustrous, M|
|poke|p2|Groudon-Primal|
|poke|p2|Zacian|
|poke|p2|Cramorant-Gorging, M|
|poke|p2|Pikachu-Rock-Star, F|
|rule|HP Percentage Mod: HP is shown in percentages
|rule|Endless Battle Clause: Forcing endless battles is banned
|rule|OHKO Clause: OHKO moves are banned
|rule|Evasion Moves Clause: Evasion moves are banned
|rule|Dynamax Clause: You cannot dynamax
|rule|Sleep Clause Mod: Limit one foe put to sleep
|rule|Z-Move Clause: Z-Moves are banned
|teampreview
|j|+TTTech_
|c|☆Clastia|glhf
|j|~scoopapa
|c|+TTTech_|No matter what happens, you're both ballers in my eyes
|j| cityscapes
|c|☆Clastia|lol
|c|☆Clastia|skewdas #1
|c|☆Clastia|same leads
|
|t:|1653078649
|start
|switch|p1a: Linoone-Punk|Linoone-Punk, M|100\/100
|switch|p2a: Eternatus|Eternatus|100\/100
|-start|p1a: Linoone-Punk|typechange|Dark\/Normal|[silent]
|raw|<ul class="utilichart"><li class="result"><span class="col pokemonnamecol" style="white-space: nowrap">Linoone-Punk<\/span> <span class="col typecol"><img src="https:\/\/dragonheaven.herokuapp.com\/sprites\/types\/Dark.png" alt="Dark" height="14" width="32"><img src="https:\/\/dragonheaven.herokuapp.com\/sprites\/types\/Normal.png" alt="Normal" height="14" width="32"><\/span> <span style="float: left ; min-height: 26px"><span class="col abilitycol">Punk Rock<\/span><span class="col abilitycol"><\/span><\/span><\/li><li style="clear: both"><\/li><\/ul>
|raw|<ul class="utilichart"><li class="result"><span style="float: left ; min-height: 26px"><span class="col statcol"><em>HP<\/em><br>73<\/span> <span class="col statcol"><em>Atk<\/em><br>70<\/span> <span class="col statcol"><em>Def<\/em><br>81<\/span> <span class="col statcol"><em>SpA<\/em><br>100<\/span> <span class="col statcol"><em>SpD<\/em><br>71<\/span> <span class="col statcol"><em>Spe<\/em><br>150<\/span> <\/span><\/li><li style="clear: both"><\/li><\/ul>
|-start|p2a: Eternatus|typechange|Poison\/Dragon|[silent]
|raw|<ul class="utilichart"><li class="result"><span class="col pokemonnamecol" style="white-space: nowrap">Eternatus<\/span> <span class="col typecol"><img src="https:\/\/dragonheaven.herokuapp.com\/sprites\/types\/Poison.png" alt="Poison" height="14" width="32"><img src="https:\/\/dragonheaven.herokuapp.com\/sprites\/types\/Dragon.png" alt="Dragon" height="14" width="32"><\/span> <span style="float: left ; min-height: 26px"><span class="col abilitycol">Infiltrator \/ Magic Bounce<\/span><span class="col abilitycol"><\/span><\/span><\/li><li style="clear: both"><\/li><\/ul>
|raw|<ul class="utilichart"><li class="result"><span style="float: left ; min-height: 26px"><span class="col statcol"><em>HP<\/em><br>90<\/span> <span class="col statcol"><em>Atk<\/em><br>70<\/span> <span class="col statcol"><em>Def<\/em><br>60<\/span> <span class="col statcol"><em>SpA<\/em><br>130<\/span> <span class="col statcol"><em>SpD<\/em><br>95<\/span> <span class="col statcol"><em>Spe<\/em><br>110<\/span> <\/span><\/li><li style="clear: both"><\/li><\/ul>
|turn|1
|c|+TTTech_|Ima say it, alt is just ndbh + camomons. I rest my cases. Hf both
|j|+regic boat
|j| mudkipbowl
|c| mudkipbowl|LGI CLASTIA!!!
|c|☆Clastia|LFGI
|c|~scoopapa|so true
|c| cityscapes|I HAVE NO VOICE AND I MUST SCREAM
|c|☆Clastia|LOL
|
|t:|1653078701
|move|p1a: Linoone-Punk|Parting Shot|p2a: Eternatus
|move|p2a: Eternatus|Parting Shot|p1a: Linoone-Punk|[from]ability: Magic Bounce
|-unboost|p1a: Linoone-Punk|atk|1
|-unboost|p1a: Linoone-Punk|spa|1
|c|☆Clastia|bye
|c|☆arbys roast beef|wtf a cummulus
|
|t:|1653078771
|switch|p2a: Sandslash-Lustrous|Sandslash-Lustrous, M|100\/100|[from]move: Parting Shot
|-start|p2a: Sandslash-Lustrous|typechange|Ground\/Fairy|[silent]
|raw|<ul class="utilichart"><li class="result"><span class="col pokemonnamecol" style="white-space: nowrap">Sandslash-Lustrous<\/span> <span class="col typecol"><img src="https:\/\/dragonheaven.herokuapp.com\/sprites\/types\/Ground.png" alt="Ground" height="14" width="32"><img src="https:\/\/dragonheaven.herokuapp.com\/sprites\/types\/Fairy.png" alt="Fairy" height="14" width="32"><\/span> <span style="float: left ; min-height: 26px"><span class="col abilitycol">Sand Rush \/ Pixilate<\/span><span class="col abilitycol"><\/span><\/span><\/li><li style="clear: both"><\/li><\/ul>
|raw|<ul class="utilichart"><li class="result"><span style="float: left ; min-height: 26px"><span class="col statcol"><em>HP<\/em><br>79<\/span> <span class="col statcol"><em>Atk<\/em><br>125<\/span> <span class="col statcol"><em>Def<\/em><br>75<\/span> <span class="col statcol"><em>SpA<\/em><br>69<\/span> <span class="col statcol"><em>SpD<\/em><br>85<\/span> <span class="col statcol"><em>Spe<\/em><br>97<\/span> <\/span><\/li><li style="clear: both"><\/li><\/ul>
|
|upkeep
|turn|2
|c|☆Clastia|its a cloud hun
|c| cityscapes|lol cummulus
|c| cityscapes|how did that name get in
|c|☆Clastia|its a type of cloud name
|c|☆Clastia|im serious
|c|+TTTech_|Deoxys has wood?!
|c|☆Clastia|ok that's just
|c| cityscapes|stop we're gonna get banned
|
|t:|1653078871
|switch|p1a: Cummulus|Cummulus, M|100\/100
|-start|p1a: Cummulus|typechange|Flying|[silent]
|raw|<ul class="utilichart"><li class="result"><span class="col pokemonnamecol" style="white-space: nowrap">Cummulus<\/span> <span class="col typecol"><img src="https:\/\/dragonheaven.herokuapp.com\/sprites\/types\/Flying.png" alt="Flying" height="14" width="32"><\/span> <span style="float: left ; min-height: 26px"><span class="col abilitycol">Natural Cure<\/span><span class="col abilitycol"><\/span><\/span><\/li><li style="clear: both"><\/li><\/ul>
|raw|<ul class="utilichart"><li class="result"><span style="float: left ; min-height: 26px"><span class="col statcol"><em>HP<\/em><br>130<\/span> <span class="col statcol"><em>Atk<\/em><br>60<\/span> <span class="col statcol"><em>Def<\/em><br>60<\/span> <span class="col statcol"><em>SpA<\/em><br>90<\/span> <span class="col statcol"><em>SpD<\/em><br>100<\/span> <span class="col statcol"><em>Spe<\/em><br>100<\/span> <\/span><\/li><li style="clear: both"><\/li><\/ul>
|move|p2a: Sandslash-Lustrous|Earthquake|p1a: Cummulus
|-immune|p1a: Cummulus
|
|upkeep
|turn|3
|c|+TTTech_|Sorry 😔
|
|t:|1653078914
|move|p2a: Sandslash-Lustrous|Double-Edge|p1a: Cummulus
|-damage|p1a: Cummulus|0 fnt
|-damage|p2a: Sandslash-Lustrous|49\/100|[from] Recoil
|faint|p1a: Cummulus
|
|upkeep
|c|☆Clastia|ok then
|
|t:|1653078924
|switch|p1a: Linoone-Punk|Linoone-Punk, M|100\/100
|-start|p1a: Linoone-Punk|typechange|Dark\/Normal|[silent]
|turn|4
|
|t:|1653078931
|move|p2a: Sandslash-Lustrous|Quick Attack|p1a: Linoone-Punk
|-supereffective|p1a: Linoone-Punk
|-damage|p1a: Linoone-Punk|0 fnt
|faint|p1a: Linoone-Punk
|
|upkeep
|j| Shing'n Streets
|c|☆Clastia|and you're not boots
|c|☆Clastia|welp i threw
|c| Shing'n Streets|white mod aaaa
|
|t:|1653078952
|switch|p1a: Deoxys-Wood|Deoxys-Wood|100\/100
|-start|p1a: Deoxys-Wood|typechange|Grass\/Fighting|[silent]
|raw|<ul class="utilichart"><li class="result"><span class="col pokemonnamecol" style="white-space: nowrap">Deoxys-Wood<\/span> <span class="col typecol"><img src="https:\/\/dragonheaven.herokuapp.com\/sprites\/types\/Grass.png" alt="Grass" height="14" width="32"><img src="https:\/\/dragonheaven.herokuapp.com\/sprites\/types\/Fighting.png" alt="Fighting" height="14" width="32"><\/span> <span style="float: left ; min-height: 26px"><span class="col abilitycol">Flower Veil \/ Triage<\/span><span class="col abilitycol"><\/span><\/span><\/li><li style="clear: both"><\/li><\/ul>
|raw|<ul class="utilichart"><li class="result"><span style="float: left ; min-height: 26px"><span class="col statcol"><em>HP<\/em><br>100<\/span> <span class="col statcol"><em>Atk<\/em><br>100<\/span> <span class="col statcol"><em>Def<\/em><br>80<\/span> <span class="col statcol"><em>SpA<\/em><br>110<\/span> <span class="col statcol"><em>SpD<\/em><br>90<\/span> <span class="col statcol"><em>Spe<\/em><br>60<\/span> <\/span><\/li><li style="clear: both"><\/li><\/ul>
|turn|5
|
|t:|1653078972
|switch|p1a: Sandslash-Lustrous|Sandslash-Lustrous, F, shiny|100\/100
|-start|p1a: Sandslash-Lustrous|typechange|Ground\/Fairy|[silent]
|raw|<ul class="utilichart"><li class="result"><span class="col pokemonnamecol" style="white-space: nowrap">Sandslash-Lustrous<\/span> <span class="col typecol"><img src="https:\/\/dragonheaven.herokuapp.com\/sprites\/types\/Ground.png" alt="Ground" height="14" width="32"><img src="https:\/\/dragonheaven.herokuapp.com\/sprites\/types\/Fairy.png" alt="Fairy" height="14" width="32"><\/span> <span style="float: left ; min-height: 26px"><span class="col abilitycol">Sand Rush \/ Pixilate<\/span><span class="col abilitycol"><\/span><\/span><\/li><li style="clear: both"><\/li><\/ul>
|raw|<ul class="utilichart"><li class="result"><span style="float: left ; min-height: 26px"><span class="col statcol"><em>HP<\/em><br>79<\/span> <span class="col statcol"><em>Atk<\/em><br>125<\/span> <span class="col statcol"><em>Def<\/em><br>75<\/span> <span class="col statcol"><em>SpA<\/em><br>69<\/span> <span class="col statcol"><em>SpD<\/em><br>85<\/span> <span class="col statcol"><em>Spe<\/em><br>97<\/span> <\/span><\/li><li style="clear: both"><\/li><\/ul>
|move|p2a: Sandslash-Lustrous|Double-Edge|p1a: Sandslash-Lustrous
|-damage|p1a: Sandslash-Lustrous|0 fnt
|-damage|p2a: Sandslash-Lustrous|16\/100|[from] Recoil
|faint|p1a: Sandslash-Lustrous
|
|upkeep
|
|t:|1653078979
|switch|p1a: Deoxys-Wood|Deoxys-Wood|100\/100
|-start|p1a: Deoxys-Wood|typechange|Grass\/Fighting|[silent]
|turn|6
|
|t:|1653078996
|move|p1a: Deoxys-Wood|Horn Leech|p2a: Sandslash-Lustrous
|-supereffective|p2a: Sandslash-Lustrous
|-crit|p2a: Sandslash-Lustrous
|-damage|p2a: Sandslash-Lustrous|0 fnt
|-damage|p1a: Deoxys-Wood|91\/100|[from] item: Life Orb
|faint|p2a: Sandslash-Lustrous
|
|upkeep
|c|☆arbys roast beef|huh
|c|☆Clastia|you
|c|☆Clastia|didnt read the abilities wtf
|c|☆arbys roast beef|n
|c|☆Clastia|i lost 3 mons for nothing???
|c| mudkipbowl|well 2 mons
|
|t:|1653079103
|switch|p2a: Eternatus|Eternatus|100\/100
|-start|p2a: Eternatus|typechange|Poison\/Dragon|[silent]
|turn|7
|c|☆Clastia|3
|c|☆arbys roast beef|nr
|c| cityscapes|hard deo on eq was the losing 0 mons play
|c|☆arbys roast beef|i was clicking edge
|c|☆arbys roast beef|3x
|c|☆Clastia|nah pixi return ohko
|c|☆arbys roast beef|i jus forgot
|c|☆arbys roast beef|triage
|c|☆arbys roast beef|is an abilty
|
|t:|1653079150
|switch|p1a: Silvally-Steel|Silvally-Steel|100\/100
|-start|p1a: Silvally-Steel|typechange|Steel|[silent]
|raw|<ul class="utilichart"><li class="result"><span class="col pokemonnamecol" style="white-space: nowrap">Silvally-Steel<\/span> <span class="col typecol"><img src="https:\/\/dragonheaven.herokuapp.com\/sprites\/types\/Steel.png" alt="Steel" height="14" width="32"><\/span> <span style="float: left ; min-height: 26px"><span class="col abilitycol">Magnet Pull<\/span><span class="col abilitycol"><\/span><\/span><\/li><li style="clear: both"><\/li><\/ul>
|raw|<ul class="utilichart"><li class="result"><span style="float: left ; min-height: 26px"><span class="col statcol"><em>HP<\/em><br>95<\/span> <span class="col statcol"><em>Atk<\/em><br>105<\/span> <span class="col statcol"><em>Def<\/em><br>95<\/span> <span class="col statcol"><em>SpA<\/em><br>115<\/span> <span class="col statcol"><em>SpD<\/em><br>95<\/span> <span class="col statcol"><em>Spe<\/em><br>95<\/span> <\/span><\/li><li style="clear: both"><\/li><\/ul>
|move|p2a: Eternatus|Reflect|p2a: Eternatus
|-sidestart|p2: arbys roast beef|Reflect
|
|upkeep
|turn|8
|
|t:|1653079157
|move|p2a: Eternatus|Taunt|p1a: Silvally-Steel
|-start|p1a: Silvally-Steel|move: Taunt
|move|p1a: Silvally-Steel|Earth Power|p2a: Eternatus
|-supereffective|p2a: Eternatus
|-damage|p2a: Eternatus|21\/100
|
|upkeep
|turn|9
|
|t:|1653079162
|move|p2a: Eternatus|Light Screen|p2a: Eternatus
|-sidestart|p2: arbys roast beef|move: Light Screen
|move|p1a: Silvally-Steel|Earth Power|p2a: Eternatus
|-supereffective|p2a: Eternatus
|-damage|p2a: Eternatus|0 fnt
|faint|p2a: Eternatus
|
|upkeep
|
|t:|1653079186
|switch|p2a: Zacian|Zacian|100\/100
|-start|p2a: Zacian|typechange|Fairy\/Fighting|[silent]
|raw|<ul class="utilichart"><li class="result"><span class="col pokemonnamecol" style="white-space: nowrap">Zacian<\/span> <span class="col typecol"><img src="https:\/\/dragonheaven.herokuapp.com\/sprites\/types\/Fairy.png" alt="Fairy" height="14" width="32"><img src="https:\/\/dragonheaven.herokuapp.com\/sprites\/types\/Fighting.png" alt="Fighting" height="14" width="32"><\/span> <span style="float: left ; min-height: 26px"><span class="col abilitycol">Misty Surge<\/span><span class="col abilitycol"><\/span><\/span><\/li><li style="clear: both"><\/li><\/ul>
|raw|<ul class="utilichart"><li class="result"><span style="float: left ; min-height: 26px"><span class="col statcol"><em>HP<\/em><br>85<\/span> <span class="col statcol"><em>Atk<\/em><br>112<\/span> <span class="col statcol"><em>Def<\/em><br>85<\/span> <span class="col statcol"><em>SpA<\/em><br>70<\/span> <span class="col statcol"><em>SpD<\/em><br>85<\/span> <span class="col statcol"><em>Spe<\/em><br>108<\/span> <\/span><\/li><li style="clear: both"><\/li><\/ul>
|-fieldstart|move: Misty Terrain|[from] ability: Misty Surge|[of] p2a: Zacian
|turn|10
|
|t:|1653079191
|switch|p1a: Zamazenta-Crowned|Zamazenta-Crowned, shiny|100\/100
|-start|p1a: Zamazenta-Crowned|typechange|Fighting\/Steel|[silent]
|raw|<ul class="utilichart"><li class="result"><span class="col pokemonnamecol" style="white-space: nowrap">Zamazenta-Crowned<\/span> <span class="col typecol"><img src="https:\/\/dragonheaven.herokuapp.com\/sprites\/types\/Fighting.png" alt="Fighting" height="14" width="32"><img src="https:\/\/dragonheaven.herokuapp.com\/sprites\/types\/Steel.png" alt="Steel" height="14" width="32"><\/span> <span style="float: left ; min-height: 26px"><span class="col abilitycol">Bulletproof \/ Stalwart<\/span><span class="col abilitycol"><\/span><\/span><\/li><li style="clear: both"><\/li><\/ul>
|raw|<ul class="utilichart"><li class="result"><span style="float: left ; min-height: 26px"><span class="col statcol"><em>HP<\/em><br>80<\/span> <span class="col statcol"><em>Atk<\/em><br>115<\/span> <span class="col statcol"><em>Def<\/em><br>134<\/span> <span class="col statcol"><em>SpA<\/em><br>70<\/span> <span class="col statcol"><em>SpD<\/em><br>125<\/span> <span class="col statcol"><em>Spe<\/em><br>51<\/span> <\/span><\/li><li style="clear: both"><\/li><\/ul>
|move|p2a: Zacian|Swords Dance|p2a: Zacian
|-boost|p2a: Zacian|atk|2
|
|upkeep
|turn|11
|
|t:|1653079199
|move|p2a: Zacian|Play Rough|p1a: Zamazenta-Crowned
|-damage|p1a: Zamazenta-Crowned|42\/100
|-damage|p2a: Zacian|84\/100|[from] item: Rocky Helmet|[of] p1a: Zamazenta-Crowned
|-damage|p2a: Zacian|74\/100|[from] item: Life Orb
|move|p1a: Zamazenta-Crowned|Moonlight|p1a: Zamazenta-Crowned
|-heal|p1a: Zamazenta-Crowned|92\/100
|
|upkeep
|turn|12
|
|t:|1653079210
|move|p2a: Zacian|Swords Dance|p2a: Zacian
|-boost|p2a: Zacian|atk|2
|move|p1a: Zamazenta-Crowned|Knock Off|p2a: Zacian
|-resisted|p2a: Zacian
|-damage|p2a: Zacian|70\/100
|-enditem|p2a: Zacian|Life Orb|[from] move: Knock Off|[of] p1a: Zamazenta-Crowned
|
|upkeep
|turn|13
|
|t:|1653079224
|move|p2a: Zacian|Swords Dance|p2a: Zacian
|-boost|p2a: Zacian|atk|2
|move|p1a: Zamazenta-Crowned|Body Press|p2a: Zacian
|-resisted|p2a: Zacian
|-damage|p2a: Zacian|61\/100
|
|upkeep
|turn|14
|
|t:|1653079229
|move|p2a: Zacian|Play Rough|p1a: Zamazenta-Crowned
|-damage|p1a: Zamazenta-Crowned|0 fnt
|-damage|p2a: Zacian|44\/100|[from] item: Rocky Helmet|[of] p1a: Zamazenta-Crowned
|faint|p1a: Zamazenta-Crowned
|
|-sideend|p2: arbys roast beef|Reflect
|-fieldend|Misty Terrain
|upkeep
|
|t:|1653079234
|switch|p1a: Deoxys-Wood|Deoxys-Wood|91\/100
|-start|p1a: Deoxys-Wood|typechange|Grass\/Fighting|[silent]
|turn|15
|
|t:|1653079272
|switch|p2a: Pikachu-Rock-Star|Pikachu-Rock-Star, F|100\/100
|-start|p2a: Pikachu-Rock-Star|typechange|Electric\/Steel|[silent]
|raw|<ul class="utilichart"><li class="result"><span class="col pokemonnamecol" style="white-space: nowrap">Pikachu-Rock-Star<\/span> <span class="col typecol"><img src="https:\/\/dragonheaven.herokuapp.com\/sprites\/types\/Electric.png" alt="Electric" height="14" width="32"><img src="https:\/\/dragonheaven.herokuapp.com\/sprites\/types\/Steel.png" alt="Steel" height="14" width="32"><\/span> <span style="float: left ; min-height: 26px"><span class="col abilitycol">Iron Fist \/ Punk Rock<\/span><span class="col abilitycol"><\/span><\/span><\/li><li style="clear: both"><\/li><\/ul>
|raw|<ul class="utilichart"><li class="result"><span style="float: left ; min-height: 26px"><span class="col statcol"><em>HP<\/em><br>70<\/span> <span class="col statcol"><em>Atk<\/em><br>120<\/span> <span class="col statcol"><em>Def<\/em><br>90<\/span> <span class="col statcol"><em>SpA<\/em><br>90<\/span> <span class="col statcol"><em>SpD<\/em><br>70<\/span> <span class="col statcol"><em>Spe<\/em><br>100<\/span> <\/span><\/li><li style="clear: both"><\/li><\/ul>
|move|p1a: Deoxys-Wood|Horn Leech|p2a: Pikachu-Rock-Star
|-resisted|p2a: Pikachu-Rock-Star
|-damage|p2a: Pikachu-Rock-Star|70\/100
|-heal|p1a: Deoxys-Wood|100\/100|[from] drain|[of] p2a: Pikachu-Rock-Star
|-damage|p1a: Deoxys-Wood|91\/100|[from] item: Life Orb
|
|upkeep
|turn|16
|l| Shing'n Streets
|
|t:|1653079423
|move|p1a: Deoxys-Wood|Drain Punch|p2a: Pikachu-Rock-Star
|-supereffective|p2a: Pikachu-Rock-Star
|-damage|p2a: Pikachu-Rock-Star|0 fnt
|-heal|p1a: Deoxys-Wood|100\/100|[from] drain|[of] p2a: Pikachu-Rock-Star
|-damage|p1a: Deoxys-Wood|91\/100|[from] item: Life Orb
|faint|p2a: Pikachu-Rock-Star
|
|-sideend|p2: arbys roast beef|move: Light Screen
|upkeep
|
|t:|1653079439
|switch|p2a: Zacian|Zacian|44\/100
|-start|p2a: Zacian|typechange|Fairy\/Fighting|[silent]
|-fieldstart|move: Misty Terrain|[from] ability: Misty Surge|[of] p2a: Zacian
|turn|17
|
|t:|1653079441
|move|p1a: Deoxys-Wood|Horn Leech|p2a: Zacian
|-damage|p2a: Zacian|0 fnt
|-heal|p1a: Deoxys-Wood|100\/100|[from] drain|[of] p2a: Zacian
|-damage|p1a: Deoxys-Wood|91\/100|[from] item: Life Orb
|faint|p2a: Zacian
|
|upkeep
|
|t:|1653079443
|switch|p2a: Cramorant-Gorging|Cramorant-Gorging, M|100\/100
|-start|p2a: Cramorant-Gorging|typechange|Electric\/Flying|[silent]
|raw|<ul class="utilichart"><li class="result"><span class="col pokemonnamecol" style="white-space: nowrap">Cramorant-Gorging<\/span> <span class="col typecol"><img src="https:\/\/dragonheaven.herokuapp.com\/sprites\/types\/Electric.png" alt="Electric" height="14" width="32"><img src="https:\/\/dragonheaven.herokuapp.com\/sprites\/types\/Flying.png" alt="Flying" height="14" width="32"><\/span> <span style="float: left ; min-height: 26px"><span class="col abilitycol">Static \/ Unburden<\/span><span class="col abilitycol"><\/span><\/span><\/li><li style="clear: both"><\/li><\/ul>
|raw|<ul class="utilichart"><li class="result"><span style="float: left ; min-height: 26px"><span class="col statcol"><em>HP<\/em><br>80<\/span> <span class="col statcol"><em>Atk<\/em><br>110<\/span> <span class="col statcol"><em>Def<\/em><br>105<\/span> <span class="col statcol"><em>SpA<\/em><br>110<\/span> <span class="col statcol"><em>SpD<\/em><br>75<\/span> <span class="col statcol"><em>Spe<\/em><br>115<\/span> <\/span><\/li><li style="clear: both"><\/li><\/ul>
|-enditem|p2a: Cramorant-Gorging|Misty Seed
|-boost|p2a: Cramorant-Gorging|spd|1|[from] item: Misty Seed
|turn|18
|
|t:|1653079476
|switch|p1a: Silvally-Steel|Silvally-Steel|100\/100
|-start|p1a: Silvally-Steel|typechange|Steel|[silent]
|move|p2a: Cramorant-Gorging|Swords Dance|p2a: Cramorant-Gorging
|-boost|p2a: Cramorant-Gorging|atk|2
|
|upkeep
|turn|19
|j|+anaconja
|
|t:|1653079488
|move|p2a: Cramorant-Gorging|Superpower|p1a: Silvally-Steel
|-supereffective|p1a: Silvally-Steel
|-damage|p1a: Silvally-Steel|0 fnt
|-unboost|p2a: Cramorant-Gorging|atk|1
|-unboost|p2a: Cramorant-Gorging|def|1
|faint|p1a: Silvally-Steel
|
|upkeep
|
|t:|1653079493
|switch|p1a: Deoxys-Wood|Deoxys-Wood|91\/100
|-start|p1a: Deoxys-Wood|typechange|Grass\/Fighting|[silent]
|turn|20
|c|☆Clastia|gg
|
|t:|1653079501
|move|p1a: Deoxys-Wood|Horn Leech|p2a: Cramorant-Gorging
|-resisted|p2a: Cramorant-Gorging
|-damage|p2a: Cramorant-Gorging|65\/100
|-heal|p1a: Deoxys-Wood|100\/100|[from] drain|[of] p2a: Cramorant-Gorging
|-damage|p1a: Deoxys-Wood|91\/100|[from] item: Life Orb
|move|p2a: Cramorant-Gorging|Acrobatics|p1a: Deoxys-Wood
|-supereffective|p1a: Deoxys-Wood
|-damage|p1a: Deoxys-Wood|0 fnt
|faint|p1a: Deoxys-Wood
|
|win|arbys roast beef
|c|☆arbys roast beef|gg
|l|+TTTech_
|l| mudkipbowl
|l| cityscapes
|l|~scoopapa
|j|~scoopapa
</script>
</div>
<div class="battle-log battle-log-inline"><div class="inner"><div class="battle-options"><div style="padding-top: 3px; padding-right: 3px; text-align: right"><button class="icon button" name="openBattleOptions" title="Options">Battle Options</button></div></div><div class="inner message-log"><div class="chat"><small>☆Clastia and ☆arbys roast beef joined</small></div><div class=""><small>Format:</small> <br><strong>[Gen 8] Alternatium</strong></div><div class=""><small><em>HP Percentage Mod:</em> HP is shown in percentages</small></div><div class=""><small><em>Endless Battle Clause:</em> Forcing endless battles is banned</small></div><div class=""><small><em>OHKO Clause:</em> OHKO moves are banned</small></div><div class=""><small><em>Evasion Moves Clause:</em> Evasion moves are banned</small></div><div class=""><small><em>Dynamax Clause:</em> You cannot dynamax</small></div><div class=""><small><em>Sleep Clause Mod:</em> Limit one foe put to sleep</small></div><div class=""><small><em>Z-Move Clause:</em> Z-Moves are banned</small></div><div class="chat battle-history"><strong>Clastia's team:</strong> <em style="color:#445566;display:block;">Linoone-Punk / Silvally-Steel / Deoxys-Wood / Sandslash-Lustrous / Zamazenta-Crowned / Cummulus</em></div><div class="chat battle-history"><strong>arbys roast beef's team:</strong> <em style="color:#445566;display:block;">Eternatus / Sandslash-Lustrous / Groudon-Primal / Zacian / Cramorant-Gorging / Pikachu-Rock-Star</em></div><div class="chat"><small>+TTTech_ joined</small></div><div class="chat chatmessage-clastia"><strong style="color:#8b24ec"><small>☆</small><span class="username" data-name="Clastia">Clastia</span>:</strong> <em>glhf</em></div><div class="chat"><small>~scoopapa joined</small></div><div class="chat chatmessage-tttech"><strong style="color:#326cc3"><small>+</small><span class="username" data-name="TTTech_">TTTech_</span>:</strong> <em>No matter what happens, you're both ballers in my eyes</em></div><div class="chat"><small> cityscapes joined</small></div><div class="chat chatmessage-clastia"><strong style="color:#8b24ec"><small>☆</small><span class="username" data-name="Clastia">Clastia</span>:</strong> <em>lol</em></div><div class="chat chatmessage-clastia"><strong style="color:#8b24ec"><small>☆</small><span class="username" data-name="Clastia">Clastia</span>:</strong> <em>skewdas #1</em></div><div class="chat chatmessage-clastia"><strong style="color:#8b24ec"><small>☆</small><span class="username" data-name="Clastia">Clastia</span>:</strong> <em>same leads</em></div><div class="spacer battle-history"><br></div><div class="battle-history">Battle started between Clastia and arbys roast beef!<br></div><div class="spacer battle-history"><br></div><div class="battle-history">Go! <strong>Linoone-Punk</strong>!<br></div><div class="spacer battle-history"><br></div><div class="battle-history">arbys roast beef sent out <strong>Eternatus</strong>!<br></div><div class="chat"><ul class="utilichart"><li class="result"><span class="col pokemonnamecol" style="white-space: nowrap">Linoone-Punk</span> <span class="col typecol"><img src="https://dragonheaven.herokuapp.com/sprites/types/Dark.png" alt="Dark" height="14" width="32"><img src="https://dragonheaven.herokuapp.com/sprites/types/Normal.png" alt="Normal" height="14" width="32"></span> <span style="float: left ; min-height: 26px"><span class="col abilitycol">Punk Rock</span><span class="col abilitycol"></span></span></li><li style="clear: both"></li></ul></div><div class="chat"><ul class="utilichart"><li class="result"><span style="float: left ; min-height: 26px"><span class="col statcol"><em>HP</em><br>73</span> <span class="col statcol"><em>Atk</em><br>70</span> <span class="col statcol"><em>Def</em><br>81</span> <span class="col statcol"><em>SpA</em><br>100</span> <span class="col statcol"><em>SpD</em><br>71</span> <span class="col statcol"><em>Spe</em><br>150</span> </span></li><li style="clear: both"></li></ul></div><div class="chat"><ul class="utilichart"><li class="result"><span class="col pokemonnamecol" style="white-space: nowrap">Eternatus</span> <span class="col typecol"><img src="https://dragonheaven.herokuapp.com/sprites/types/Poison.png" alt="Poison" height="14" width="32"><img src="https://dragonheaven.herokuapp.com/sprites/types/Dragon.png" alt="Dragon" height="14" width="32"></span> <span style="float: left ; min-height: 26px"><span class="col abilitycol">Infiltrator / Magic Bounce</span><span class="col abilitycol"></span></span></li><li style="clear: both"></li></ul></div><div class="chat"><ul class="utilichart"><li class="result"><span style="float: left ; min-height: 26px"><span class="col statcol"><em>HP</em><br>90</span> <span class="col statcol"><em>Atk</em><br>70</span> <span class="col statcol"><em>Def</em><br>60</span> <span class="col statcol"><em>SpA</em><br>130</span> <span class="col statcol"><em>SpD</em><br>95</span> <span class="col statcol"><em>Spe</em><br>110</span> </span></li><li style="clear: both"></li></ul></div><div class="spacer battle-history"><br></div><h2 class="battle-history">Turn 1</h2><div class="chat chatmessage-tttech"><strong style="color:#326cc3"><small>+</small><span class="username" data-name="TTTech_">TTTech_</span>:</strong> <em>Ima say it, alt is just ndbh + camomons. I rest my cases. Hf both</em></div><div class="chat"><small>+regic boat and  mudkipbowl joined</small></div><div class="chat chatmessage-mudkipbowl"><strong style="color:#a50fc7"><small> </small><span class="username" data-name="mudkipbowl">mudkipbowl</span>:</strong> <em>LGI CLASTIA!!!</em></div><div class="chat chatmessage-clastia"><strong style="color:#8b24ec"><small>☆</small><span class="username" data-name="Clastia">Clastia</span>:</strong> <em>LFGI</em></div><div class="chat chatmessage-scoopapa mine"><strong style="color:#569509"><small>~</small><span class="username" data-name="scoopapa">scoopapa</span>:</strong> <em>so true</em></div><div class="chat chatmessage-cityscapes"><strong style="color:#bb3a9f"><small> </small><span class="username" data-name="cityscapes">cityscapes</span>:</strong> <em>I HAVE NO VOICE AND I MUST SCREAM</em></div><div class="chat chatmessage-clastia"><strong style="color:#8b24ec"><small>☆</small><span class="username" data-name="Clastia">Clastia</span>:</strong> <em>LOL</em></div><div class="spacer battle-history"><br></div><div class="battle-history">Linoone-Punk used <strong>Parting Shot</strong>!<br></div><div class="spacer battle-history"><br></div><div class="battle-history">[The opposing Eternatus's Magic Bounce]<br>The opposing Eternatus bounced the Parting Shot back!<br></div><div class="battle-history"><small>Linoone-Punk's Attack fell!</small><br></div><div class="battle-history"><small>Linoone-Punk's Sp. Atk fell!</small><br></div><div class="chat chatmessage-clastia"><strong style="color:#8b24ec"><small>☆</small><span class="username" data-name="Clastia">Clastia</span>:</strong> <em>bye</em></div><div class="chat chatmessage-arbysroastbeef"><strong style="color:#3c7296"><small>☆</small><span class="username" data-name="arbys roast beef">arbys roast beef</span>:</strong> <em>wtf a cummulus</em></div><div class="spacer battle-history"><br></div><div class="battle-history">arbys roast beef withdrew Eternatus!<br></div><div class="battle-history">arbys roast beef sent out <strong>Sandslash-Lustrous</strong>!<br></div><div class="chat"><ul class="utilichart"><li class="result"><span class="col pokemonnamecol" style="white-space: nowrap">Sandslash-Lustrous</span> <span class="col typecol"><img src="https://dragonheaven.herokuapp.com/sprites/types/Ground.png" alt="Ground" height="14" width="32"><img src="https://dragonheaven.herokuapp.com/sprites/types/Fairy.png" alt="Fairy" height="14" width="32"></span> <span style="float: left ; min-height: 26px"><span class="col abilitycol">Sand Rush / Pixilate</span><span class="col abilitycol"></span></span></li><li style="clear: both"></li></ul></div><div class="chat"><ul class="utilichart"><li class="result"><span style="float: left ; min-height: 26px"><span class="col statcol"><em>HP</em><br>79</span> <span class="col statcol"><em>Atk</em><br>125</span> <span class="col statcol"><em>Def</em><br>75</span> <span class="col statcol"><em>SpA</em><br>69</span> <span class="col statcol"><em>SpD</em><br>85</span> <span class="col statcol"><em>Spe</em><br>97</span> </span></li><li style="clear: both"></li></ul></div><div class="spacer battle-history"><br></div><h2 class="battle-history">Turn 2</h2><div class="chat chatmessage-clastia"><strong style="color:#8b24ec"><small>☆</small><span class="username" data-name="Clastia">Clastia</span>:</strong> <em>its a cloud hun</em></div><div class="chat chatmessage-cityscapes"><strong style="color:#bb3a9f"><small> </small><span class="username" data-name="cityscapes">cityscapes</span>:</strong> <em>lol cummulus</em></div><div class="chat chatmessage-cityscapes"><strong style="color:#bb3a9f"><small> </small><span class="username" data-name="cityscapes">cityscapes</span>:</strong> <em>how did that name get in</em></div><div class="chat chatmessage-clastia"><strong style="color:#8b24ec"><small>☆</small><span class="username" data-name="Clastia">Clastia</span>:</strong> <em>its a type of cloud name</em></div><div class="chat chatmessage-clastia"><strong style="color:#8b24ec"><small>☆</small><span class="username" data-name="Clastia">Clastia</span>:</strong> <em>im serious</em></div><div class="chat chatmessage-tttech"><strong style="color:#326cc3"><small>+</small><span class="username" data-name="TTTech_">TTTech_</span>:</strong> <em>Deoxys has wood?!</em></div><div class="chat chatmessage-clastia"><strong style="color:#8b24ec"><small>☆</small><span class="username" data-name="Clastia">Clastia</span>:</strong> <em>ok that's just</em></div><div class="chat chatmessage-cityscapes"><strong style="color:#bb3a9f"><small> </small><span class="username" data-name="cityscapes">cityscapes</span>:</strong> <em>stop we're gonna get banned</em></div><div class="spacer battle-history"><br></div><div class="battle-history">Linoone-Punk, come back!<br></div><div class="battle-history">Go! <strong>Cummulus</strong>!<br></div><div class="chat"><ul class="utilichart"><li class="result"><span class="col pokemonnamecol" style="white-space: nowrap">Cummulus</span> <span class="col typecol"><img src="https://dragonheaven.herokuapp.com/sprites/types/Flying.png" alt="Flying" height="14" width="32"></span> <span style="float: left ; min-height: 26px"><span class="col abilitycol">Natural Cure</span><span class="col abilitycol"></span></span></li><li style="clear: both"></li></ul></div><div class="chat"><ul class="utilichart"><li class="result"><span style="float: left ; min-height: 26px"><span class="col statcol"><em>HP</em><br>130</span> <span class="col statcol"><em>Atk</em><br>60</span> <span class="col statcol"><em>Def</em><br>60</span> <span class="col statcol"><em>SpA</em><br>90</span> <span class="col statcol"><em>SpD</em><br>100</span> <span class="col statcol"><em>Spe</em><br>100</span> </span></li><li style="clear: both"></li></ul></div><div class="spacer battle-history"><br></div><div class="battle-history">The opposing Sandslash-Lustrous used <strong>Earthquake</strong>!<br></div><div class="battle-history"><small>It doesn't affect Cummulus...</small><br></div><div class="spacer battle-history"><br></div><h2 class="battle-history">Turn 3</h2><div class="chat chatmessage-tttech"><strong style="color:#326cc3"><small>+</small><span class="username" data-name="TTTech_">TTTech_</span>:</strong> <em>Sorry 😔</em></div><div class="spacer battle-history"><br></div><div class="battle-history">The opposing Sandslash-Lustrous used <strong>Double-Edge</strong>!<br></div><div class="battle-history"><small>(Cummulus lost 100% of its health!)</small><br></div><div class="battle-history"><small>The opposing Sandslash-Lustrous was damaged by the recoil!</small><br></div><div class="spacer battle-history"><br></div><div class="battle-history">Cummulus fainted!<br></div><div class="chat chatmessage-clastia"><strong style="color:#8b24ec"><small>☆</small><span class="username" data-name="Clastia">Clastia</span>:</strong> <em>ok then</em></div><div class="spacer battle-history"><br></div><div class="battle-history">Go! <strong>Linoone-Punk</strong>!<br></div><div class="spacer battle-history"><br></div><h2 class="battle-history">Turn 4</h2><div class="spacer battle-history"><br></div><div class="battle-history">The opposing Sandslash-Lustrous used <strong>Quick Attack</strong>!<br></div><div class="battle-history"><small>It's super effective!</small><br></div><div class="battle-history"><small>(Linoone-Punk lost 100% of its health!)</small><br></div><div class="spacer battle-history"><br></div><div class="battle-history">Linoone-Punk fainted!<br></div><div class="chat"><small> Shing'n Streets joined</small></div><div class="chat chatmessage-clastia"><strong style="color:#8b24ec"><small>☆</small><span class="username" data-name="Clastia">Clastia</span>:</strong> <em>and you're not boots</em></div><div class="chat chatmessage-clastia"><strong style="color:#8b24ec"><small>☆</small><span class="username" data-name="Clastia">Clastia</span>:</strong> <em>welp i threw</em></div><div class="chat chatmessage-shingnstreets"><strong style="color:#a144c2"><small> </small><span class="username" data-name="Shing'n Streets">Shing'n Streets</span>:</strong> <em>white mod aaaa</em></div><div class="spacer battle-history"><br></div><div class="battle-history">Go! <strong>Deoxys-Wood</strong>!<br></div><div class="chat"><ul class="utilichart"><li class="result"><span class="col pokemonnamecol" style="white-space: nowrap">Deoxys-Wood</span> <span class="col typecol"><img src="https://dragonheaven.herokuapp.com/sprites/types/Grass.png" alt="Grass" height="14" width="32"><img src="https://dragonheaven.herokuapp.com/sprites/types/Fighting.png" alt="Fighting" height="14" width="32"></span> <span style="float: left ; min-height: 26px"><span class="col abilitycol">Flower Veil / Triage</span><span class="col abilitycol"></span></span></li><li style="clear: both"></li></ul></div><div class="chat"><ul class="utilichart"><li class="result"><span style="float: left ; min-height: 26px"><span class="col statcol"><em>HP</em><br>100</span> <span class="col statcol"><em>Atk</em><br>100</span> <span class="col statcol"><em>Def</em><br>80</span> <span class="col statcol"><em>SpA</em><br>110</span> <span class="col statcol"><em>SpD</em><br>90</span> <span class="col statcol"><em>Spe</em><br>60</span> </span></li><li style="clear: both"></li></ul></div><div class="spacer battle-history"><br></div><h2 class="battle-history">Turn 5</h2><div class="spacer battle-history"><br></div><div class="battle-history">Deoxys-Wood, come back!<br></div><div class="battle-history">Go! <strong>Sandslash-Lustrous</strong>!<br></div><div class="chat"><ul class="utilichart"><li class="result"><span class="col pokemonnamecol" style="white-space: nowrap">Sandslash-Lustrous</span> <span class="col typecol"><img src="https://dragonheaven.herokuapp.com/sprites/types/Ground.png" alt="Ground" height="14" width="32"><img src="https://dragonheaven.herokuapp.com/sprites/types/Fairy.png" alt="Fairy" height="14" width="32"></span> <span style="float: left ; min-height: 26px"><span class="col abilitycol">Sand Rush / Pixilate</span><span class="col abilitycol"></span></span></li><li style="clear: both"></li></ul></div><div class="chat"><ul class="utilichart"><li class="result"><span style="float: left ; min-height: 26px"><span class="col statcol"><em>HP</em><br>79</span> <span class="col statcol"><em>Atk</em><br>125</span> <span class="col statcol"><em>Def</em><br>75</span> <span class="col statcol"><em>SpA</em><br>69</span> <span class="col statcol"><em>SpD</em><br>85</span> <span class="col statcol"><em>Spe</em><br>97</span> </span></li><li style="clear: both"></li></ul></div><div class="spacer battle-history"><br></div><div class="battle-history">The opposing Sandslash-Lustrous used <strong>Double-Edge</strong>!<br></div><div class="battle-history"><small>(Sandslash-Lustrous lost 100% of its health!)</small><br></div><div class="battle-history"><small>The opposing Sandslash-Lustrous was damaged by the recoil!</small><br></div><div class="spacer battle-history"><br></div><div class="battle-history">Sandslash-Lustrous fainted!<br></div><div class="spacer battle-history"><br></div><div class="battle-history">Go! <strong>Deoxys-Wood</strong>!<br></div><div class="spacer battle-history"><br></div><h2 class="battle-history">Turn 6</h2><div class="spacer battle-history"><br></div><div class="battle-history">Deoxys-Wood used <strong>Horn Leech</strong>!<br></div><div class="battle-history"><small>It's super effective!</small><br></div><div class="battle-history"><small>A critical hit!</small><br></div><div class="battle-history"><small>(The opposing Sandslash-Lustrous lost 16% of its health!)</small><br></div><div class="battle-history"><small>Deoxys-Wood lost some of its HP!</small><br></div><div class="spacer battle-history"><br></div><div class="battle-history">The opposing Sandslash-Lustrous fainted!<br></div><div class="chat chatmessage-arbysroastbeef"><strong style="color:#3c7296"><small>☆</small><span class="username" data-name="arbys roast beef">arbys roast beef</span>:</strong> <em>huh</em></div><div class="chat chatmessage-clastia"><strong style="color:#8b24ec"><small>☆</small><span class="username" data-name="Clastia">Clastia</span>:</strong> <em>you</em></div><div class="chat chatmessage-clastia"><strong style="color:#8b24ec"><small>☆</small><span class="username" data-name="Clastia">Clastia</span>:</strong> <em>didnt read the abilities wtf</em></div><div class="chat chatmessage-arbysroastbeef"><strong style="color:#3c7296"><small>☆</small><span class="username" data-name="arbys roast beef">arbys roast beef</span>:</strong> <em>n</em></div><div class="chat chatmessage-clastia"><strong style="color:#8b24ec"><small>☆</small><span class="username" data-name="Clastia">Clastia</span>:</strong> <em>i lost 3 mons for nothing???</em></div><div class="chat chatmessage-mudkipbowl"><strong style="color:#a50fc7"><small> </small><span class="username" data-name="mudkipbowl">mudkipbowl</span>:</strong> <em>well 2 mons</em></div><div class="spacer battle-history"><br></div><div class="battle-history">arbys roast beef sent out <strong>Eternatus</strong>!<br></div><div class="spacer battle-history"><br></div><h2 class="battle-history">Turn 7</h2><div class="chat chatmessage-clastia"><strong style="color:#8b24ec"><small>☆</small><span class="username" data-name="Clastia">Clastia</span>:</strong> <em>3</em></div><div class="chat chatmessage-arbysroastbeef"><strong style="color:#3c7296"><small>☆</small><span class="username" data-name="arbys roast beef">arbys roast beef</span>:</strong> <em>nr</em></div><div class="chat chatmessage-cityscapes"><strong style="color:#bb3a9f"><small> </small><span class="username" data-name="cityscapes">cityscapes</span>:</strong> <em>hard deo on eq was the losing 0 mons play</em></div><div class="chat chatmessage-arbysroastbeef"><strong style="color:#3c7296"><small>☆</small><span class="username" data-name="arbys roast beef">arbys roast beef</span>:</strong> <em>i was clicking edge</em></div><div class="chat chatmessage-arbysroastbeef"><strong style="color:#3c7296"><small>☆</small><span class="username" data-name="arbys roast beef">arbys roast beef</span>:</strong> <em>3x</em></div><div class="chat chatmessage-clastia"><strong style="color:#8b24ec"><small>☆</small><span class="username" data-name="Clastia">Clastia</span>:</strong> <em>nah pixi return ohko</em></div><div class="chat chatmessage-arbysroastbeef"><strong style="color:#3c7296"><small>☆</small><span class="username" data-name="arbys roast beef">arbys roast beef</span>:</strong> <em>i jus forgot</em></div><div class="chat chatmessage-arbysroastbeef"><strong style="color:#3c7296"><small>☆</small><span class="username" data-name="arbys roast beef">arbys roast beef</span>:</strong> <em>triage</em></div><div class="chat chatmessage-arbysroastbeef"><strong style="color:#3c7296"><small>☆</small><span class="username" data-name="arbys roast beef">arbys roast beef</span>:</strong> <em>is an abilty</em></div><div class="spacer battle-history"><br></div><div class="battle-history">Deoxys-Wood, come back!<br></div><div class="battle-history">Go! <strong>Silvally-Steel</strong>!<br></div><div class="chat"><ul class="utilichart"><li class="result"><span class="col pokemonnamecol" style="white-space: nowrap">Silvally-Steel</span> <span class="col typecol"><img src="https://dragonheaven.herokuapp.com/sprites/types/Steel.png" alt="Steel" height="14" width="32"></span> <span style="float: left ; min-height: 26px"><span class="col abilitycol">Magnet Pull</span><span class="col abilitycol"></span></span></li><li style="clear: both"></li></ul></div><div class="chat"><ul class="utilichart"><li class="result"><span style="float: left ; min-height: 26px"><span class="col statcol"><em>HP</em><br>95</span> <span class="col statcol"><em>Atk</em><br>105</span> <span class="col statcol"><em>Def</em><br>95</span> <span class="col statcol"><em>SpA</em><br>115</span> <span class="col statcol"><em>SpD</em><br>95</span> <span class="col statcol"><em>Spe</em><br>95</span> </span></li><li style="clear: both"></li></ul></div><div class="spacer battle-history"><br></div><div class="battle-history">The opposing Eternatus used <strong>Reflect</strong>!<br></div><div class="battle-history"><small>Reflect made the opposing team stronger against physical moves!</small><br></div><div class="spacer battle-history"><br></div><h2 class="battle-history">Turn 8</h2><div class="spacer battle-history"><br></div><div class="battle-history">The opposing Eternatus used <strong>Taunt</strong>!<br></div><div class="battle-history"><small>Silvally-Steel fell for the taunt!</small><br></div><div class="spacer battle-history"><br></div><div class="battle-history">Silvally-Steel used <strong>Earth Power</strong>!<br></div><div class="battle-history"><small>It's super effective!</small><br></div><div class="battle-history"><small>(The opposing Eternatus lost 79% of its health!)</small><br></div><div class="spacer battle-history"><br></div><h2 class="battle-history">Turn 9</h2><div class="spacer battle-history"><br></div><div class="battle-history">The opposing Eternatus used <strong>Light Screen</strong>!<br></div><div class="battle-history"><small>Light Screen made the opposing team stronger against special moves!</small><br></div><div class="spacer battle-history"><br></div><div class="battle-history">Silvally-Steel used <strong>Earth Power</strong>!<br></div><div class="battle-history"><small>It's super effective!</small><br></div><div class="battle-history"><small>(The opposing Eternatus lost 21% of its health!)</small><br></div><div class="spacer battle-history"><br></div><div class="battle-history">The opposing Eternatus fainted!<br></div><div class="spacer battle-history"><br></div><div class="battle-history">arbys roast beef sent out <strong>Zacian</strong>!<br></div><div class="chat"><ul class="utilichart"><li class="result"><span class="col pokemonnamecol" style="white-space: nowrap">Zacian</span> <span class="col typecol"><img src="https://dragonheaven.herokuapp.com/sprites/types/Fairy.png" alt="Fairy" height="14" width="32"><img src="https://dragonheaven.herokuapp.com/sprites/types/Fighting.png" alt="Fighting" height="14" width="32"></span> <span style="float: left ; min-height: 26px"><span class="col abilitycol">Misty Surge</span><span class="col abilitycol"></span></span></li><li style="clear: both"></li></ul></div><div class="chat"><ul class="utilichart"><li class="result"><span style="float: left ; min-height: 26px"><span class="col statcol"><em>HP</em><br>85</span> <span class="col statcol"><em>Atk</em><br>112</span> <span class="col statcol"><em>Def</em><br>85</span> <span class="col statcol"><em>SpA</em><br>70</span> <span class="col statcol"><em>SpD</em><br>85</span> <span class="col statcol"><em>Spe</em><br>108</span> </span></li><li style="clear: both"></li></ul></div><div class="battle-history">[The opposing Zacian's Misty Surge]<br><small>Mist swirled around the battlefield!</small><br></div><div class="spacer battle-history"><br></div><h2 class="battle-history">Turn 10</h2><div class="spacer battle-history"><br></div><div class="battle-history">Silvally-Steel, come back!<br></div><div class="battle-history">Go! <strong>Zamazenta-Crowned</strong>!<br></div><div class="chat"><ul class="utilichart"><li class="result"><span class="col pokemonnamecol" style="white-space: nowrap">Zamazenta-Crowned</span> <span class="col typecol"><img src="https://dragonheaven.herokuapp.com/sprites/types/Fighting.png" alt="Fighting" height="14" width="32"><img src="https://dragonheaven.herokuapp.com/sprites/types/Steel.png" alt="Steel" height="14" width="32"></span> <span style="float: left ; min-height: 26px"><span class="col abilitycol">Bulletproof / Stalwart</span><span class="col abilitycol"></span></span></li><li style="clear: both"></li></ul></div><div class="chat"><ul class="utilichart"><li class="result"><span style="float: left ; min-height: 26px"><span class="col statcol"><em>HP</em><br>80</span> <span class="col statcol"><em>Atk</em><br>115</span> <span class="col statcol"><em>Def</em><br>134</span> <span class="col statcol"><em>SpA</em><br>70</span> <span class="col statcol"><em>SpD</em><br>125</span> <span class="col statcol"><em>Spe</em><br>51</span> </span></li><li style="clear: both"></li></ul></div><div class="spacer battle-history"><br></div><div class="battle-history">The opposing Zacian used <strong>Swords Dance</strong>!<br></div><div class="battle-history"><small>The opposing Zacian's Attack rose sharply!</small><br></div><div class="spacer battle-history"><br></div><h2 class="battle-history">Turn 11</h2><div class="spacer battle-history"><br></div><div class="battle-history">The opposing Zacian used <strong>Play Rough</strong>!<br></div><div class="battle-history"><small>(Zamazenta-Crowned lost 58% of its health!)</small><br></div><div class="battle-history"><small>The opposing Zacian was hurt by the Rocky Helmet!</small><br></div><div class="battle-history"><small>The opposing Zacian lost some of its HP!</small><br></div><div class="spacer battle-history"><br></div><div class="battle-history">Zamazenta-Crowned used <strong>Moonlight</strong>!<br></div><div class="battle-history"><small>Zamazenta-Crowned had its HP restored.</small><br></div><div class="spacer battle-history"><br></div><h2 class="battle-history">Turn 12</h2><div class="spacer battle-history"><br></div><div class="battle-history">The opposing Zacian used <strong>Swords Dance</strong>!<br></div><div class="battle-history"><small>The opposing Zacian's Attack rose sharply!</small><br></div><div class="spacer battle-history"><br></div><div class="battle-history">Zamazenta-Crowned used <strong>Knock Off</strong>!<br></div><div class="battle-history"><small>It's not very effective...</small><br></div><div class="battle-history"><small>(The opposing Zacian lost 4% of its health!)</small><br></div><div class="battle-history"><small>Zamazenta-Crowned knocked off the opposing Zacian's Life Orb!</small><br></div><div class="spacer battle-history"><br></div><h2 class="battle-history">Turn 13</h2><div class="spacer battle-history"><br></div><div class="battle-history">The opposing Zacian used <strong>Swords Dance</strong>!<br></div><div class="battle-history"><small>The opposing Zacian's Attack rose sharply!</small><br></div><div class="spacer battle-history"><br></div><div class="battle-history">Zamazenta-Crowned used <strong>Body Press</strong>!<br></div><div class="battle-history"><small>It's not very effective...</small><br></div><div class="battle-history"><small>(The opposing Zacian lost 9% of its health!)</small><br></div><div class="spacer battle-history"><br></div><h2 class="battle-history">Turn 14</h2><div class="spacer battle-history"><br></div><div class="battle-history">The opposing Zacian used <strong>Play Rough</strong>!<br></div><div class="battle-history"><small>(Zamazenta-Crowned lost 92% of its health!)</small><br></div><div class="battle-history"><small>The opposing Zacian was hurt by the Rocky Helmet!</small><br></div><div class="spacer battle-history"><br></div><div class="battle-history">Zamazenta-Crowned fainted!<br></div><div class="spacer battle-history"><br></div><div class="battle-history"><small>The opposing team's Reflect wore off!</small><br></div><div class="battle-history"><small>The mist disappeared from the battlefield.</small><br></div><div class="spacer battle-history"><br></div><div class="battle-history">Go! <strong>Deoxys-Wood</strong>!<br></div><div class="spacer battle-history"><br></div><h2 class="battle-history">Turn 15</h2><div class="spacer battle-history"><br></div><div class="battle-history">arbys roast beef withdrew Zacian!<br></div><div class="battle-history">arbys roast beef sent out <strong>Pikachu-Rock-Star</strong>!<br></div><div class="chat"><ul class="utilichart"><li class="result"><span class="col pokemonnamecol" style="white-space: nowrap">Pikachu-Rock-Star</span> <span class="col typecol"><img src="https://dragonheaven.herokuapp.com/sprites/types/Electric.png" alt="Electric" height="14" width="32"><img src="https://dragonheaven.herokuapp.com/sprites/types/Steel.png" alt="Steel" height="14" width="32"></span> <span style="float: left ; min-height: 26px"><span class="col abilitycol">Iron Fist / Punk Rock</span><span class="col abilitycol"></span></span></li><li style="clear: both"></li></ul></div><div class="chat"><ul class="utilichart"><li class="result"><span style="float: left ; min-height: 26px"><span class="col statcol"><em>HP</em><br>70</span> <span class="col statcol"><em>Atk</em><br>120</span> <span class="col statcol"><em>Def</em><br>90</span> <span class="col statcol"><em>SpA</em><br>90</span> <span class="col statcol"><em>SpD</em><br>70</span> <span class="col statcol"><em>Spe</em><br>100</span> </span></li><li style="clear: both"></li></ul></div><div class="spacer battle-history"><br></div><div class="battle-history">Deoxys-Wood used <strong>Horn Leech</strong>!<br></div><div class="battle-history"><small>It's not very effective...</small><br></div><div class="battle-history"><small>(The opposing Pikachu-Rock-Star lost 30% of its health!)</small><br></div><div class="battle-history"><small>The opposing Pikachu-Rock-Star had its energy drained!</small><br></div><div class="battle-history"><small>Deoxys-Wood lost some of its HP!</small><br></div><div class="spacer battle-history"><br></div><h2 class="battle-history">Turn 16</h2><div class="chat"><small> Shing'n Streets left</small></div><div class="spacer battle-history"><br></div><div class="battle-history">Deoxys-Wood used <strong>Drain Punch</strong>!<br></div><div class="battle-history"><small>It's super effective!</small><br></div><div class="battle-history"><small>(The opposing Pikachu-Rock-Star lost 70% of its health!)</small><br></div><div class="battle-history"><small>The opposing Pikachu-Rock-Star had its energy drained!</small><br></div><div class="battle-history"><small>Deoxys-Wood lost some of its HP!</small><br></div><div class="spacer battle-history"><br></div><div class="battle-history">The opposing Pikachu-Rock-Star fainted!<br></div><div class="spacer battle-history"><br></div><div class="battle-history"><small>The opposing team's Light Screen wore off!</small><br></div><div class="spacer battle-history"><br></div><div class="battle-history">arbys roast beef sent out <strong>Zacian</strong>!<br></div><div class="battle-history">[The opposing Zacian's Misty Surge]<br><small>Mist swirled around the battlefield!</small><br></div><div class="spacer battle-history"><br></div><h2 class="battle-history">Turn 17</h2><div class="spacer battle-history"><br></div><div class="battle-history">Deoxys-Wood used <strong>Horn Leech</strong>!<br></div><div class="battle-history"><small>(The opposing Zacian lost 44% of its health!)</small><br></div><div class="battle-history"><small>The opposing Zacian had its energy drained!</small><br></div><div class="battle-history"><small>Deoxys-Wood lost some of its HP!</small><br></div><div class="spacer battle-history"><br></div><div class="battle-history">The opposing Zacian fainted!<br></div><div class="spacer battle-history"><br></div><div class="battle-history">arbys roast beef sent out <strong>Cramorant-Gorging</strong>!<br></div><div class="chat"><ul class="utilichart"><li class="result"><span class="col pokemonnamecol" style="white-space: nowrap">Cramorant-Gorging</span> <span class="col typecol"><img src="https://dragonheaven.herokuapp.com/sprites/types/Electric.png" alt="Electric" height="14" width="32"><img src="https://dragonheaven.herokuapp.com/sprites/types/Flying.png" alt="Flying" height="14" width="32"></span> <span style="float: left ; min-height: 26px"><span class="col abilitycol">Static / Unburden</span><span class="col abilitycol"></span></span></li><li style="clear: both"></li></ul></div><div class="chat"><ul class="utilichart"><li class="result"><span style="float: left ; min-height: 26px"><span class="col statcol"><em>HP</em><br>80</span> <span class="col statcol"><em>Atk</em><br>110</span> <span class="col statcol"><em>Def</em><br>105</span> <span class="col statcol"><em>SpA</em><br>110</span> <span class="col statcol"><em>SpD</em><br>75</span> <span class="col statcol"><em>Spe</em><br>115</span> </span></li><li style="clear: both"></li></ul></div><div class="battle-history"><small>(The opposing Cramorant-Gorging used its Misty Seed!)</small><br></div><div class="battle-history"><small>The Misty Seed raised the opposing Cramorant-Gorging's Sp. Def!</small><br></div><div class="spacer battle-history"><br></div><h2 class="battle-history">Turn 18</h2><div class="spacer battle-history"><br></div><div class="battle-history">Deoxys-Wood, come back!<br></div><div class="battle-history">Go! <strong>Silvally-Steel</strong>!<br></div><div class="spacer battle-history"><br></div><div class="battle-history">The opposing Cramorant-Gorging used <strong>Swords Dance</strong>!<br></div><div class="battle-history"><small>The opposing Cramorant-Gorging's Attack rose sharply!</small><br></div><div class="spacer battle-history"><br></div><h2 class="battle-history">Turn 19</h2><div class="chat"><small>+anaconja joined</small></div><div class="spacer battle-history"><br></div><div class="battle-history">The opposing Cramorant-Gorging used <strong>Superpower</strong>!<br></div><div class="battle-history"><small>It's super effective!</small><br></div><div class="battle-history"><small>(Silvally-Steel lost 100% of its health!)</small><br></div><div class="battle-history"><small>The opposing Cramorant-Gorging's Attack fell!</small><br></div><div class="battle-history"><small>The opposing Cramorant-Gorging's Defense fell!</small><br></div><div class="spacer battle-history"><br></div><div class="battle-history">Silvally-Steel fainted!<br></div><div class="spacer battle-history"><br></div><div class="battle-history">Go! <strong>Deoxys-Wood</strong>!<br></div><div class="spacer battle-history"><br></div><h2 class="battle-history">Turn 20</h2><div class="chat chatmessage-clastia"><strong style="color:#8b24ec"><small>☆</small><span class="username" data-name="Clastia">Clastia</span>:</strong> <em>gg</em></div><div class="spacer battle-history"><br></div><div class="battle-history">Deoxys-Wood used <strong>Horn Leech</strong>!<br></div><div class="battle-history"><small>It's not very effective...</small><br></div><div class="battle-history"><small>(The opposing Cramorant-Gorging lost 35% of its health!)</small><br></div><div class="battle-history"><small>The opposing Cramorant-Gorging had its energy drained!</small><br></div><div class="battle-history"><small>Deoxys-Wood lost some of its HP!</small><br></div><div class="spacer battle-history"><br></div><div class="battle-history">The opposing Cramorant-Gorging used <strong>Acrobatics</strong>!<br></div><div class="battle-history"><small>It's super effective!</small><br></div><div class="battle-history"><small>(Deoxys-Wood lost 91% of its health!)</small><br></div><div class="spacer battle-history"><br></div><div class="battle-history">Deoxys-Wood fainted!<br></div><div class="spacer battle-history"><br></div><div class="battle-history"><strong>arbys roast beef</strong> won the battle!<br></div><div class="chat chatmessage-arbysroastbeef"><strong style="color:#3c7296"><small>☆</small><span class="username" data-name="arbys roast beef">arbys roast beef</span>:</strong> <em>gg</em></div><div class="chat"><small>+TTTech_,  mudkipbowl, and  cityscapes left</small></div></div><div class="inner-preempt message-log"></div></div></div>
</div>
<script>
let daily = Math.floor(Date.now()/1000/60/60/24);document.write('<script src="http://petmodsdh.com/js/replay-embed.js?version'+daily+'"></'+'script>');
</script>
