<!DOCTYPE html>
<meta charset="utf-8" />
<!-- version 1 -->
<title>[Gen 8] Fusion Evolution UU replay: Bobsican vs. isocon</title>
<style>
html,body {font-family:Verdana, sans-serif;font-size:10pt;margin:0;padding:0;}body{padding:12px 0;} .battle-log {font-family:Verdana, sans-serif;font-size:10pt;} .battle-log-inline {border:1px solid #AAAAAA;background:#EEF2F5;color:black;max-width:640px;margin:0 auto 80px;padding-bottom:5px;} .battle-log .inner {padding:4px 8px 0px 8px;} .battle-log .inner-preempt {padding:0 8px 4px 8px;} .battle-log .inner-after {margin-top:0.5em;} .battle-log h2 {margin:0.5em -8px;padding:4px 8px;border:1px solid #AAAAAA;background:#E0E7EA;border-left:0;border-right:0;font-family:Verdana, sans-serif;font-size:13pt;} .battle-log .chat {vertical-align:middle;padding:3px 0 3px 0;font-size:8pt;} .battle-log .chat strong {color:#40576A;} .battle-log .chat em {padding:1px 4px 1px 3px;color:#000000;font-style:normal;} .chat.mine {background:rgba(0,0,0,0.05);margin-left:-8px;margin-right:-8px;padding-left:8px;padding-right:8px;} .spoiler {color:#BBBBBB;background:#BBBBBB;padding:0px 3px;} .spoiler:hover, .spoiler:active, .spoiler-shown {color:#000000;background:#E2E2E2;padding:0px 3px;} .spoiler a {color:#BBBBBB;} .spoiler:hover a, .spoiler:active a, .spoiler-shown a {color:#2288CC;} .chat code, .chat .spoiler:hover code, .chat .spoiler:active code, .chat .spoiler-shown code {border:1px solid #C0C0C0;background:#EEEEEE;color:black;padding:0 2px;} .chat .spoiler code {border:1px solid #CCCCCC;background:#CCCCCC;color:#CCCCCC;} .battle-log .rated {padding:3px 4px;} .battle-log .rated strong {color:white;background:#89A;padding:1px 4px;border-radius:4px;} .spacer {margin-top:0.5em;} .message-announce {background:#6688AA;color:white;padding:1px 4px 2px;} .message-announce a, .broadcast-green a, .broadcast-blue a, .broadcast-red a {color:#DDEEFF;} .broadcast-green {background-color:#559955;color:white;padding:2px 4px;} .broadcast-blue {background-color:#6688AA;color:white;padding:2px 4px;} .infobox {border:1px solid #6688AA;padding:2px 4px;} .infobox-limited {max-height:200px;overflow:auto;overflow-x:hidden;} .broadcast-red {background-color:#AA5544;color:white;padding:2px 4px;} .message-learn-canlearn {font-weight:bold;color:#228822;text-decoration:underline;} .message-learn-cannotlearn {font-weight:bold;color:#CC2222;text-decoration:underline;} .message-effect-weak {font-weight:bold;color:#CC2222;} .message-effect-resist {font-weight:bold;color:#6688AA;} .message-effect-immune {font-weight:bold;color:#666666;} .message-learn-list {margin-top:0;margin-bottom:0;} .message-throttle-notice, .message-error {color:#992222;} .message-overflow, .chat small.message-overflow {font-size:0pt;} .message-overflow::before {font-size:9pt;content:'...';} .subtle {color:#3A4A66;}
</style>
<div class="wrapper replay-wrapper" style="max-width:1180px;margin:0 auto">
<input type="hidden" name="replayid" value="dragonheaven-gen8fusionevolutionuu-80" />
<div class="battle"></div><div class="battle-log"></div><div class="replay-controls"></div><div class="replay-controls-2"></div>
<h1 style="font-weight:normal;text-align:center"><strong>[Gen 8] Fusion Evolution UU</strong><br /><a href="http://pokemonshowdown.com/users/bobsican" class="subtle" target="_blank">Bobsican</a> vs. <a href="http://pokemonshowdown.com/users/isocon" class="subtle" target="_blank">isocon</a></h1>
<script type="text/plain" class="battle-log-data">|j|☆Bobsican
|j|☆isocon
|t:|1653160160
|player|p1|Bobsican|n|
|player|p2|isocon|aromalady|
|teamsize|p1|6
|teamsize|p2|6
|gametype|singles
|gen|8
|tier|[Gen 8] Fusion Evolution UU
|clearpoke
|poke|p1|Volquag, M|
|poke|p1|Mesflame, F|
|poke|p1|Goodevoir, F|
|poke|p1|Porygrigus, M|
|poke|p1|Glidol, F|
|poke|p1|Igglyzenta-Crowned, F|
|poke|p2|Kyottler, M|
|poke|p2|Glidol, F|
|poke|p2|Jirachonator, F|
|poke|p2|Ninjacross, F|
|poke|p2|Avarupt, M|
|poke|p2|Tentoxys-Defense, M|
|rule|HP Percentage Mod: HP is shown in percentages
|rule|Endless Battle Clause: Forcing endless battles is banned
|rule|OHKO Clause: OHKO moves are banned
|rule|Evasion Moves Clause: Evasion moves are banned
|rule|Species Clause: Limit one of each Pokémon
|rule|Dynamax Clause: You cannot dynamax
|rule|Sleep Clause Mod: Limit one foe put to sleep
|rule|Z-Move Clause: Z-Moves are banned
|teampreview
|c|☆isocon|glhf
|j|+Paul(Paulluxx)
|c|☆Bobsican|glhf too
|inactive|Battle timer is ON: inactive players will automatically lose when time's up. (requested by Bobsican)
|
|t:|1653160216
|start
|switch|p1a: ND+ Cofagrigus2|Porygrigus, M|100\/100
|switch|p2a: Ninjacross|Ninjacross, F|100\/100
|-start|p2a: Ninjacross|typechange|Bug\/Fighting|[silent]
|raw|<ul class="utilichart"><li class="result"><span class="col pokemonnamecol" style="white-space: nowrap">Ninjacross<\/span> <span class="col typecol"><img src="https:\/\/dragonheaven.herokuapp.com\/sprites\/types\/Bug.png" alt="Bug" height="14" width="32"><img src="https:\/\/dragonheaven.herokuapp.com\/sprites\/types\/Fighting.png" alt="Fighting" height="14" width="32"><\/span> <span style="float: left ; min-height: 26px"><span class="col abilitycol">Speedy<\/span><span class="col abilitycol"><\/span><\/span><\/li><li style="clear: both"><\/li><\/ul>
|raw|<ul class="utilichart"><li class="result"><span style="float: left ; min-height: 26px"><span class="col statcol"><em>HP<\/em><br>72<\/span> <span class="col statcol"><em>Atk<\/em><br>117<\/span> <span class="col statcol"><em>Def<\/em><br>60<\/span> <span class="col statcol"><em>SpA<\/em><br>45<\/span> <span class="col statcol"><em>SpD<\/em><br>80<\/span> <span class="col statcol"><em>Spe<\/em><br>142<\/span> <\/span><\/li><li style="clear: both"><\/li><\/ul>
|-start|p1a: ND+ Cofagrigus2|typechange|Normal\/Ghost|[silent]
|raw|<ul class="utilichart"><li class="result"><span class="col pokemonnamecol" style="white-space: nowrap">Porygrigus<\/span> <span class="col typecol"><img src="https:\/\/dragonheaven.herokuapp.com\/sprites\/types\/Normal.png" alt="Normal" height="14" width="32"><img src="https:\/\/dragonheaven.herokuapp.com\/sprites\/types\/Ghost.png" alt="Ghost" height="14" width="32"><\/span> <span style="float: left ; min-height: 26px"><span class="col abilitycol">Pillage<\/span><span class="col abilitycol"><\/span><\/span><\/li><li style="clear: both"><\/li><\/ul>
|raw|<ul class="utilichart"><li class="result"><span style="float: left ; min-height: 26px"><span class="col statcol"><em>HP<\/em><br>71<\/span> <span class="col statcol"><em>Atk<\/em><br>65<\/span> <span class="col statcol"><em>Def<\/em><br>130<\/span> <span class="col statcol"><em>SpA<\/em><br>108<\/span> <span class="col statcol"><em>SpD<\/em><br>100<\/span> <span class="col statcol"><em>Spe<\/em><br>45<\/span> <\/span><\/li><li style="clear: both"><\/li><\/ul>
|-activate|p1a: ND+ Cofagrigus2|ability: Pillage
|-activate|p1a: ND+ Cofagrigus2|Skill Swap|||[of] p2a: Ninjacross
|-activate|p1a: ND+ Cofagrigus2|ability: Speedy
|-activate|p2a: Ninjacross|ability: Pillage
|turn|1
|j|+G-Luke
|
|t:|1653160226
|move|p2a: Ninjacross|U-turn|p1a: ND+ Cofagrigus2
|-resisted|p1a: ND+ Cofagrigus2
|-damage|p1a: ND+ Cofagrigus2|85\/100
|c|+G-Luke|Ninjacross tr lets goooooo
|c|☆Bobsican|ghosting
|inactive|isocon has 270 seconds left.
|j|+zxgzxg
|c|+zxgzxg|got the 
|
|t:|1653160278
|switch|p2a: Tentoxys-Defense|Tentoxys-Defense, M|100\/100|[from]move: U-turn
|-start|p2a: Tentoxys-Defense|typechange|Psychic\/Poison|[silent]
|raw|<ul class="utilichart"><li class="result"><span class="col pokemonnamecol" style="white-space: nowrap">Tentoxys-Defense<\/span> <span class="col typecol"><img src="https:\/\/dragonheaven.herokuapp.com\/sprites\/types\/Psychic.png" alt="Psychic" height="14" width="32"><img src="https:\/\/dragonheaven.herokuapp.com\/sprites\/types\/Poison.png" alt="Poison" height="14" width="32"><\/span> <span style="float: left ; min-height: 26px"><span class="col abilitycol">Downpour<\/span><span class="col abilitycol"><\/span><\/span><\/li><li style="clear: both"><\/li><\/ul>
|raw|<ul class="utilichart"><li class="result"><span style="float: left ; min-height: 26px"><span class="col statcol"><em>HP<\/em><br>65<\/span> <span class="col statcol"><em>Atk<\/em><br>75<\/span> <span class="col statcol"><em>Def<\/em><br>122<\/span> <span class="col statcol"><em>SpA<\/em><br>90<\/span> <span class="col statcol"><em>SpD<\/em><br>140<\/span> <span class="col statcol"><em>Spe<\/em><br>105<\/span> <\/span><\/li><li style="clear: both"><\/li><\/ul>
|-ability|p2a: Tentoxys-Defense|Downpour
|move|p1a: ND+ Cofagrigus2|Will-O-Wisp|p2a: Tentoxys-Defense
|-status|p2a: Tentoxys-Defense|brn
|
|-heal|p1a: ND+ Cofagrigus2|91\/100|[from] item: Leftovers
|-damage|p2a: Tentoxys-Defense|95\/100 brn|[from] brn
|upkeep
|turn|2
|c|+zxgzxg|speed swap
|c|+zxgzxg|that s a real move right

|c|+zxgzxg|??
|c|+Paul(Paulluxx)|yes
|c|+Paul(Paulluxx)|!dt speed swap
|raw|<ul class="utilichart"><li class="result"><span class="col movenamecol"><a href="https:\/\/dex.pokemonshowdown.com\/moves\/speedswap">Speed Swap<\/a><\/span> <span class="col typecol"><img src="\/\/dragonheaven.herokuapp.com\/sprites\/types\/Psychic.png" alt="Psychic" width="32" height="14"><img src="\/\/dragonheaven.herokuapp.com\/sprites\/categories\/Status.png" alt="Status" width="32" height="14"><\/span> <span class="col widelabelcol"><em>Accuracy<\/em><br>—<\/span> <span class="col pplabelcol"><em>PP<\/em><br>16<\/span> <span class="col movedesccol">Swaps Speed stat with target.<\/span> <\/li><li style="clear:both"><\/li><\/ul>
|raw|<font size="1"><font color="#686868">Priority:<\/font> 0&nbsp;|&ThickSpace;<font color="#686868">Gen:<\/font> 7&nbsp;|&ThickSpace;&#10003; Bypasses Substitutes&nbsp;|&ThickSpace;<font color="#686868">Z-Effect:<\/font>  Speed +1&nbsp;|&ThickSpace;<font color="#686868">Target:<\/font> One Adjacent Pokémon<\/font>

|
|t:|1653160293
|switch|p1a: Goofy|Igglyzenta-Crowned, F|100\/100
|-start|p1a: Goofy|typechange|Fairy\/Steel|[silent]
|raw|<ul class="utilichart"><li class="result"><span class="col pokemonnamecol" style="white-space: nowrap">Igglyzenta-Crowned<\/span> <span class="col typecol"><img src="https:\/\/dragonheaven.herokuapp.com\/sprites\/types\/Fairy.png" alt="Fairy" height="14" width="32"><img src="https:\/\/dragonheaven.herokuapp.com\/sprites\/types\/Steel.png" alt="Steel" height="14" width="32"><\/span> <span style="float: left ; min-height: 26px"><span class="col abilitycol">Friend Shield<\/span><span class="col abilitycol"><\/span><\/span><\/li><li style="clear: both"><\/li><\/ul>
|raw|<ul class="utilichart"><li class="result"><span style="float: left ; min-height: 26px"><span class="col statcol"><em>HP<\/em><br>111<\/span> <span class="col statcol"><em>Atk<\/em><br>100<\/span> <span class="col statcol"><em>Def<\/em><br>80<\/span> <span class="col statcol"><em>SpA<\/em><br>60<\/span> <span class="col statcol"><em>SpD<\/em><br>82<\/span> <span class="col statcol"><em>Spe<\/em><br>71<\/span> <\/span><\/li><li style="clear: both"><\/li><\/ul>
|-ability|p1a: Goofy|Friend Shield|boost
|-boost|p1a: Goofy|def|1
|-boost|p1a: Goofy|spd|1
|move|p2a: Tentoxys-Defense|Knock Off|p1a: Goofy
|-resisted|p1a: Goofy
|-damage|p1a: Goofy|99\/100
|-enditem|p1a: Goofy|Leftovers|[from] move: Knock Off|[of] p2a: Tentoxys-Defense
|
|-heal|p2a: Tentoxys-Defense|100\/100 brn|[from] item: Leftovers
|-damage|p2a: Tentoxys-Defense|95\/100 brn|[from] brn
|upkeep
|turn|3
|c|+zxgzxg|oh i was kidding
|c|+zxgzxg|im not ghosting i swear
|
|t:|1653160310
|move|p1a: Goofy|Protect|p1a: Goofy
|-singleturn|p1a: Goofy|Protect
|move|p2a: Tentoxys-Defense|Spikes|p1a: Goofy
|-sidestart|p1: Bobsican|Spikes
|
|-heal|p2a: Tentoxys-Defense|100\/100 brn|[from] item: Leftovers
|-damage|p2a: Tentoxys-Defense|95\/100 brn|[from] brn
|upkeep
|turn|4
|
|t:|1653160322
|switch|p1a: ND+ Cofagrigus2|Porygrigus, M|91\/100
|-start|p1a: ND+ Cofagrigus2|typechange|Normal\/Ghost|[silent]
|-damage|p1a: ND+ Cofagrigus2|79\/100|[from] Spikes
|-ability|p1a: ND+ Cofagrigus2|Downpour
|-activate|p1a: ND+ Cofagrigus2|ability: Pillage
|-activate|p1a: ND+ Cofagrigus2|Skill Swap|||[of] p2a: Tentoxys-Defense
|-activate|p1a: ND+ Cofagrigus2|ability: Downpour
|-activate|p2a: Tentoxys-Defense|ability: Pillage
|move|p2a: Tentoxys-Defense|Spikes|p1a: ND+ Cofagrigus2
|-heal|p1a: ND+ Cofagrigus2|85\/100|[from] ability: Downpour|[of] p2a: Tentoxys-Defense
|-sidestart|p1: Bobsican|Spikes
|
|-heal|p2a: Tentoxys-Defense|100\/100 brn|[from] item: Leftovers
|-heal|p1a: ND+ Cofagrigus2|91\/100|[from] item: Leftovers
|-damage|p2a: Tentoxys-Defense|95\/100 brn|[from] brn
|upkeep
|turn|5
|
|t:|1653160327
|switch|p2a: Glidol|Glidol, F|100\/100
|-start|p2a: Glidol|typechange|Ground\/Flying|[silent]
|raw|<ul class="utilichart"><li class="result"><span class="col pokemonnamecol" style="white-space: nowrap">Glidol<\/span> <span class="col typecol"><img src="https:\/\/dragonheaven.herokuapp.com\/sprites\/types\/Ground.png" alt="Ground" height="14" width="32"><img src="https:\/\/dragonheaven.herokuapp.com\/sprites\/types\/Flying.png" alt="Flying" height="14" width="32"><\/span> <span style="float: left ; min-height: 26px"><span class="col abilitycol">Feel No Pain<\/span><span class="col abilitycol"><\/span><\/span><\/li><li style="clear: both"><\/li><\/ul>
|raw|<ul class="utilichart"><li class="result"><span style="float: left ; min-height: 26px"><span class="col statcol"><em>HP<\/em><br>67<\/span> <span class="col statcol"><em>Atk<\/em><br>94<\/span> <span class="col statcol"><em>Def<\/em><br>124<\/span> <span class="col statcol"><em>SpA<\/em><br>67<\/span> <span class="col statcol"><em>SpD<\/em><br>97<\/span> <span class="col statcol"><em>Spe<\/em><br>94<\/span> <\/span><\/li><li style="clear: both"><\/li><\/ul>
|move|p1a: ND+ Cofagrigus2|Shadow Ball|p2a: Glidol
|-damage|p2a: Glidol|73\/100
|
|-heal|p1a: ND+ Cofagrigus2|97\/100|[from] item: Leftovers
|-status|p2a: Glidol|tox|[from] item: Toxic Orb
|upkeep
|turn|6
|
|t:|1653160336
|move|p2a: Glidol|Knock Off|p1a: ND+ Cofagrigus2
|-heal|p1a: ND+ Cofagrigus2|100\/100|[from] ability: Downpour|[of] p2a: Glidol
|-supereffective|p1a: ND+ Cofagrigus2
|-damage|p1a: ND+ Cofagrigus2|75\/100
|-enditem|p1a: ND+ Cofagrigus2|Leftovers|[from] move: Knock Off|[of] p2a: Glidol
|move|p1a: ND+ Cofagrigus2|Shadow Ball|p2a: Glidol
|-damage|p2a: Glidol|44\/100 tox
|
|-heal|p2a: Glidol|56\/100 tox|[from] ability: Feel No Pain
|upkeep
|turn|7
|c|+G-Luke|NP Amp solos i always tell u guys this
|inactive|isocon has 270 seconds left.
|
|t:|1653160342
|move|p2a: Glidol|Roost|p2a: Glidol
|-heal|p2a: Glidol|100\/100 tox
|-singleturn|p2a: Glidol|move: Roost
|move|p1a: ND+ Cofagrigus2|Shadow Ball|p2a: Glidol
|-damage|p2a: Glidol|73\/100 tox
|-unboost|p2a: Glidol|spd|1
|
|-heal|p2a: Glidol|86\/100 tox|[from] ability: Feel No Pain
|upkeep
|turn|8
|inactive|isocon has 270 seconds left.
|
|t:|1653160356
|switch|p2a: Tentoxys-Defense|Tentoxys-Defense, M|95\/100 brn
|-start|p2a: Tentoxys-Defense|typechange|Psychic\/Poison|[silent]
|-ability|p2a: Tentoxys-Defense|Downpour
|move|p1a: ND+ Cofagrigus2|Shadow Ball|p2a: Tentoxys-Defense
|-heal|p2a: Tentoxys-Defense|100\/100 brn|[from] ability: Downpour|[of] p1a: ND+ Cofagrigus2
|-supereffective|p2a: Tentoxys-Defense
|-damage|p2a: Tentoxys-Defense|53\/100 brn
|
|-heal|p2a: Tentoxys-Defense|59\/100 brn|[from] item: Leftovers
|-damage|p2a: Tentoxys-Defense|53\/100 brn|[from] brn
|upkeep
|turn|9
|
|t:|1653160363
|move|p2a: Tentoxys-Defense|Recover|p2a: Tentoxys-Defense
|-heal|p2a: Tentoxys-Defense|100\/100 brn
|move|p1a: ND+ Cofagrigus2|Shadow Ball|p2a: Tentoxys-Defense
|-supereffective|p2a: Tentoxys-Defense
|-damage|p2a: Tentoxys-Defense|55\/100 brn
|
|-heal|p2a: Tentoxys-Defense|61\/100 brn|[from] item: Leftovers
|-damage|p2a: Tentoxys-Defense|55\/100 brn|[from] brn
|upkeep
|turn|10
|inactive|isocon has 270 seconds left.
|
|t:|1653160378
|switch|p2a: Glidol|Glidol, F|86\/100 tox
|-start|p2a: Glidol|typechange|Ground\/Flying|[silent]
|switch|p1a: Gliscor 2|Glidol, F|100\/100
|-start|p1a: Gliscor 2|typechange|Ground\/Flying|[silent]
|raw|<ul class="utilichart"><li class="result"><span class="col pokemonnamecol" style="white-space: nowrap">Glidol<\/span> <span class="col typecol"><img src="https:\/\/dragonheaven.herokuapp.com\/sprites\/types\/Ground.png" alt="Ground" height="14" width="32"><img src="https:\/\/dragonheaven.herokuapp.com\/sprites\/types\/Flying.png" alt="Flying" height="14" width="32"><\/span> <span style="float: left ; min-height: 26px"><span class="col abilitycol">Feel No Pain<\/span><span class="col abilitycol"><\/span><\/span><\/li><li style="clear: both"><\/li><\/ul>
|raw|<ul class="utilichart"><li class="result"><span style="float: left ; min-height: 26px"><span class="col statcol"><em>HP<\/em><br>67<\/span> <span class="col statcol"><em>Atk<\/em><br>94<\/span> <span class="col statcol"><em>Def<\/em><br>124<\/span> <span class="col statcol"><em>SpA<\/em><br>67<\/span> <span class="col statcol"><em>SpD<\/em><br>97<\/span> <span class="col statcol"><em>Spe<\/em><br>94<\/span> <\/span><\/li><li style="clear: both"><\/li><\/ul>
|
|-heal|p2a: Glidol|98\/100 tox|[from] ability: Feel No Pain
|-status|p1a: Gliscor 2|tox|[from] item: Toxic Orb
|upkeep
|turn|11
|
|t:|1653160388
|switch|p1a: ND+ Cofagrigus2|Porygrigus, M|75\/100
|-start|p1a: ND+ Cofagrigus2|typechange|Normal\/Ghost|[silent]
|-damage|p1a: ND+ Cofagrigus2|59\/100|[from] Spikes
|-activate|p1a: ND+ Cofagrigus2|ability: Pillage
|-activate|p1a: ND+ Cofagrigus2|Skill Swap|||[of] p2a: Glidol
|-activate|p1a: ND+ Cofagrigus2|ability: Feel No Pain
|-activate|p2a: Glidol|ability: Pillage
|switch|p2a: Kyottler|Kyottler, M|100\/100
|-start|p2a: Kyottler|typechange|Water\/Bug|[silent]
|raw|<ul class="utilichart"><li class="result"><span class="col pokemonnamecol" style="white-space: nowrap">Kyottler<\/span> <span class="col typecol"><img src="https:\/\/dragonheaven.herokuapp.com\/sprites\/types\/Water.png" alt="Water" height="14" width="32"><img src="https:\/\/dragonheaven.herokuapp.com\/sprites\/types\/Bug.png" alt="Bug" height="14" width="32"><\/span> <span style="float: left ; min-height: 26px"><span class="col abilitycol">Wet Bugs<\/span><span class="col abilitycol"><\/span><\/span><\/li><li style="clear: both"><\/li><\/ul>
|raw|<ul class="utilichart"><li class="result"><span style="float: left ; min-height: 26px"><span class="col statcol"><em>HP<\/em><br>80<\/span> <span class="col statcol"><em>Atk<\/em><br>87<\/span> <span class="col statcol"><em>Def<\/em><br>90<\/span> <span class="col statcol"><em>SpA<\/em><br>105<\/span> <span class="col statcol"><em>SpD<\/em><br>120<\/span> <span class="col statcol"><em>Spe<\/em><br>60<\/span> <\/span><\/li><li style="clear: both"><\/li><\/ul>
|-weather|RainDance|[from] ability: Wet Bugs|[of] p2a: Kyottler
|
|-weather|RainDance|[upkeep]
|upkeep
|turn|12
|
|t:|1653160395
|switch|p1a: Weezking4FEUU|Volquag, M|100\/100
|-start|p1a: Weezking4FEUU|typechange|Fire\/Water|[silent]
|raw|<ul class="utilichart"><li class="result"><span class="col pokemonnamecol" style="white-space: nowrap">Volquag<\/span> <span class="col typecol"><img src="https:\/\/dragonheaven.herokuapp.com\/sprites\/types\/Fire.png" alt="Fire" height="14" width="32"><img src="https:\/\/dragonheaven.herokuapp.com\/sprites\/types\/Water.png" alt="Water" height="14" width="32"><\/span> <span style="float: left ; min-height: 26px"><span class="col abilitycol">Porous<\/span><span class="col abilitycol"><\/span><\/span><\/li><li style="clear: both"><\/li><\/ul>
|raw|<ul class="utilichart"><li class="result"><span style="float: left ; min-height: 26px"><span class="col statcol"><em>HP<\/em><br>90<\/span> <span class="col statcol"><em>Atk<\/em><br>97<\/span> <span class="col statcol"><em>Def<\/em><br>114<\/span> <span class="col statcol"><em>SpA<\/em><br>100<\/span> <span class="col statcol"><em>SpD<\/em><br>83<\/span> <span class="col statcol"><em>Spe<\/em><br>65<\/span> <\/span><\/li><li style="clear: both"><\/li><\/ul>
|move|p2a: Kyottler|Origin Pulse|p1a: Weezking4FEUU
|-immune|p1a: Weezking4FEUU|[from] ability: Porous
|
|-weather|RainDance|[upkeep]
|upkeep
|turn|13
|
|t:|1653160406
|switch|p2a: Tentoxys-Defense|Tentoxys-Defense, M|55\/100 brn
|-start|p2a: Tentoxys-Defense|typechange|Psychic\/Poison|[silent]
|-ability|p2a: Tentoxys-Defense|Downpour
|move|p1a: Weezking4FEUU|Toxic||[still]
|-heal|p2a: Tentoxys-Defense|61\/100 brn|[from] ability: Downpour|[of] p1a: Weezking4FEUU
|-fail|p1a: Weezking4FEUU
|
|-weather|RainDance|[upkeep]
|-heal|p2a: Tentoxys-Defense|67\/100 brn|[from] item: Leftovers
|-damage|p2a: Tentoxys-Defense|61\/100 brn|[from] brn
|upkeep
|turn|14
|
|t:|1653160416
|switch|p1a: ND+ Cofagrigus2|Porygrigus, M|59\/100
|-damage|p1a: ND+ Cofagrigus2|42\/100|[from] Spikes
|-start|p1a: ND+ Cofagrigus2|typechange|Normal\/Ghost|[silent]
|-ability|p1a: ND+ Cofagrigus2|Downpour
|-activate|p1a: ND+ Cofagrigus2|ability: Pillage
|-activate|p1a: ND+ Cofagrigus2|Skill Swap|||[of] p2a: Tentoxys-Defense
|-activate|p1a: ND+ Cofagrigus2|ability: Downpour
|-activate|p2a: Tentoxys-Defense|ability: Pillage
|move|p2a: Tentoxys-Defense|Spikes|p1a: ND+ Cofagrigus2
|-heal|p1a: ND+ Cofagrigus2|48\/100|[from] ability: Downpour|[of] p2a: Tentoxys-Defense
|-sidestart|p1: Bobsican|Spikes
|
|-weather|RainDance|[upkeep]
|-heal|p2a: Tentoxys-Defense|67\/100 brn|[from] item: Leftovers
|-damage|p2a: Tentoxys-Defense|61\/100 brn|[from] brn
|upkeep
|turn|15
|
|t:|1653160423
|move|p2a: Tentoxys-Defense|Recover|p2a: Tentoxys-Defense
|-heal|p2a: Tentoxys-Defense|100\/100 brn
|move|p1a: ND+ Cofagrigus2|Recover|p1a: ND+ Cofagrigus2
|-heal|p1a: ND+ Cofagrigus2|98\/100
|
|-weather|none
|-damage|p2a: Tentoxys-Defense|95\/100 brn|[from] brn
|upkeep
|turn|16
|
|t:|1653160437
|switch|p2a: Glidol|Glidol, F|98\/100 tox
|-start|p2a: Glidol|typechange|Ground\/Flying|[silent]
|move|p1a: ND+ Cofagrigus2|Shadow Ball|p2a: Glidol
|-damage|p2a: Glidol|69\/100 tox
|
|-heal|p2a: Glidol|82\/100 tox|[from] ability: Feel No Pain
|upkeep
|turn|17
|c|+G-Luke|Lmao im cfying he brought Mega Goodevoir to avoid the amp solo
|
|t:|1653160457
|switch|p1a: Gliscor 2|Glidol, F|100\/100 tox
|-start|p1a: Gliscor 2|typechange|Ground\/Flying|[silent]
|move|p2a: Glidol|Earthquake|p1a: Gliscor 2
|-immune|p1a: Gliscor 2|[from] ability: Feel No Pain
|
|-heal|p2a: Glidol|94\/100 tox|[from] ability: Feel No Pain
|upkeep
|turn|18
|
|t:|1653160466
|move|p2a: Glidol|Knock Off|p1a: Gliscor 2
|-damage|p1a: Gliscor 2|85\/100 tox
|-enditem|p1a: Gliscor 2|Toxic Orb|[from] move: Knock Off|[of] p2a: Glidol
|move|p1a: Gliscor 2|Rapid Spin|p2a: Glidol
|-damage|p2a: Glidol|85\/100 tox
|-boost|p1a: Gliscor 2|spe|1
|-sideend|p1: Bobsican|Spikes|[from] move: Rapid Spin|[of] p1a: Gliscor 2
|
|-heal|p1a: Gliscor 2|97\/100 tox|[from] ability: Feel No Pain
|-heal|p2a: Glidol|97\/100 tox|[from] ability: Feel No Pain
|upkeep
|turn|19
|
|t:|1653160476
|switch|p2a: Avarupt|Avarupt, M|100\/100
|-start|p2a: Avarupt|typechange|Ice\/Ground|[silent]
|raw|<ul class="utilichart"><li class="result"><span class="col pokemonnamecol" style="white-space: nowrap">Avarupt<\/span> <span class="col typecol"><img src="https:\/\/dragonheaven.herokuapp.com\/sprites\/types\/Ice.png" alt="Ice" height="14" width="32"><img src="https:\/\/dragonheaven.herokuapp.com\/sprites\/types\/Ground.png" alt="Ground" height="14" width="32"><\/span> <span style="float: left ; min-height: 26px"><span class="col abilitycol">Permafrost<\/span><span class="col abilitycol"><\/span><\/span><\/li><li style="clear: both"><\/li><\/ul>
|raw|<ul class="utilichart"><li class="result"><span style="float: left ; min-height: 26px"><span class="col statcol"><em>HP<\/em><br>102<\/span> <span class="col statcol"><em>Atk<\/em><br>108<\/span> <span class="col statcol"><em>Def<\/em><br>127<\/span> <span class="col statcol"><em>SpA<\/em><br>94<\/span> <span class="col statcol"><em>SpD<\/em><br>60<\/span> <span class="col statcol"><em>Spe<\/em><br>34<\/span> <\/span><\/li><li style="clear: both"><\/li><\/ul>
|move|p1a: Gliscor 2|Knock Off|p2a: Avarupt
|-damage|p2a: Avarupt|90\/100
|
|-heal|p1a: Gliscor 2|100\/100 tox|[from] ability: Feel No Pain
|upkeep
|turn|20
|
|t:|1653160487
|switch|p1a: Birbsmart|Mesflame, F|100\/100
|-start|p1a: Birbsmart|typechange|Fire\/Psychic|[silent]
|raw|<ul class="utilichart"><li class="result"><span class="col pokemonnamecol" style="white-space: nowrap">Mesflame<\/span> <span class="col typecol"><img src="https:\/\/dragonheaven.herokuapp.com\/sprites\/types\/Fire.png" alt="Fire" height="14" width="32"><img src="https:\/\/dragonheaven.herokuapp.com\/sprites\/types\/Psychic.png" alt="Psychic" height="14" width="32"><\/span> <span style="float: left ; min-height: 26px"><span class="col abilitycol">Leviflame<\/span><span class="col abilitycol"><\/span><\/span><\/li><li style="clear: both"><\/li><\/ul>
|raw|<ul class="utilichart"><li class="result"><span style="float: left ; min-height: 26px"><span class="col statcol"><em>HP<\/em><br>95<\/span> <span class="col statcol"><em>Atk<\/em><br>95<\/span> <span class="col statcol"><em>Def<\/em><br>95<\/span> <span class="col statcol"><em>SpA<\/em><br>95<\/span> <span class="col statcol"><em>SpD<\/em><br>95<\/span> <span class="col statcol"><em>Spe<\/em><br>104<\/span> <\/span><\/li><li style="clear: both"><\/li><\/ul>
|detailschange|p2a: Avarupt|Avarupt-Mega, M
|-mega|p2a: Avarupt|Avarupt|Cameruptite
|-start|p2a: Avarupt|typechange|Ice\/Ground|[silent]
|raw|<ul class="utilichart"><li class="result"><span class="col pokemonnamecol" style="white-space: nowrap">Avarupt-Mega<\/span> <span class="col typecol"><img src="https:\/\/dragonheaven.herokuapp.com\/sprites\/types\/Ice.png" alt="Ice" height="14" width="32"><img src="https:\/\/dragonheaven.herokuapp.com\/sprites\/types\/Ground.png" alt="Ground" height="14" width="32"><\/span> <span style="float: left ; min-height: 26px"><span class="col abilitycol">Sheer Force<\/span><span class="col abilitycol"><\/span><\/span><span style="float: left ; min-height: 26px"><span class="col statcol"><em>HP<\/em><br>102<\/span> <span class="col statcol"><em>Atk<\/em><br>128<\/span> <span class="col statcol"><em>Def<\/em><br>157<\/span> <span class="col statcol"><em>SpA<\/em><br>134<\/span> <span class="col statcol"><em>SpD<\/em><br>90<\/span> <span class="col statcol"><em>Spe<\/em><br>14<\/span> <\/span><\/li><li style="clear: both"><\/li><\/ul>
|move|p2a: Avarupt|Toxic|p1a: Birbsmart|[miss]
|-miss|p2a: Avarupt|p1a: Birbsmart
|
|upkeep
|turn|21
|j|+Gekokeso
|
|t:|1653160516
|switch|p2a: Kyottler|Kyottler, M|100\/100
|-start|p2a: Kyottler|typechange|Water\/Bug|[silent]
|-weather|RainDance|[from] ability: Wet Bugs|[of] p2a: Kyottler
|move|p1a: Birbsmart|Trick|p2a: Kyottler
|-activate|p1a: Birbsmart|move: Trick|[of] p2a: Kyottler
|-item|p2a: Kyottler|Choice Scarf|[from] move: Trick
|-item|p1a: Birbsmart|Choice Specs|[from] move: Trick
|
|-weather|RainDance|[upkeep]
|upkeep
|turn|22
|
|t:|1653160528
|switch|p1a: Weezking4FEUU|Volquag, M|100\/100
|-start|p1a: Weezking4FEUU|typechange|Fire\/Water|[silent]
|move|p2a: Kyottler|Trick|p1a: Weezking4FEUU
|-activate|p2a: Kyottler|move: Trick|[of] p1a: Weezking4FEUU
|-item|p1a: Weezking4FEUU|Choice Scarf|[from] move: Trick
|-item|p2a: Kyottler|Heavy-Duty Boots|[from] move: Trick
|
|-weather|RainDance|[upkeep]
|upkeep
|turn|23
|
|t:|1653160538
|move|p1a: Weezking4FEUU|Scald|p2a: Kyottler
|-resisted|p2a: Kyottler
|-damage|p2a: Kyottler|84\/100
|move|p2a: Kyottler|Thunder|p1a: Weezking4FEUU
|-supereffective|p1a: Weezking4FEUU
|-damage|p1a: Weezking4FEUU|46\/100
|
|-weather|RainDance|[upkeep]
|upkeep
|turn|24
|
|t:|1653160548
|switch|p1a: Slime Waifu|Goodevoir, F|100\/100
|-start|p1a: Slime Waifu|typechange|Dragon\/Fairy|[silent]
|raw|<ul class="utilichart"><li class="result"><span class="col pokemonnamecol" style="white-space: nowrap">Goodevoir<\/span> <span class="col typecol"><img src="https:\/\/dragonheaven.herokuapp.com\/sprites\/types\/Dragon.png" alt="Dragon" height="14" width="32"><img src="https:\/\/dragonheaven.herokuapp.com\/sprites\/types\/Fairy.png" alt="Fairy" height="14" width="32"><\/span> <span style="float: left ; min-height: 26px"><span class="col abilitycol">Vengeful Shift<\/span><span class="col abilitycol"><\/span><\/span><\/li><li style="clear: both"><\/li><\/ul>
|raw|<ul class="utilichart"><li class="result"><span style="float: left ; min-height: 26px"><span class="col statcol"><em>HP<\/em><br>78<\/span> <span class="col statcol"><em>Atk<\/em><br>70<\/span> <span class="col statcol"><em>Def<\/em><br>59<\/span> <span class="col statcol"><em>SpA<\/em><br>124<\/span> <span class="col statcol"><em>SpD<\/em><br>114<\/span> <span class="col statcol"><em>Spe<\/em><br>80<\/span> <\/span><\/li><li style="clear: both"><\/li><\/ul>
|move|p2a: Kyottler|Thunder|p1a: Slime Waifu
|-resisted|p1a: Slime Waifu
|-damage|p1a: Slime Waifu|89\/100
|
|-weather|RainDance|[upkeep]
|-heal|p1a: Slime Waifu|95\/100|[from] item: Leftovers
|upkeep
|turn|25
|j|+ZOOMERCIDE
|
|t:|1653160556
|switch|p2a: Tentoxys-Defense|Tentoxys-Defense, M|95\/100 brn
|-start|p2a: Tentoxys-Defense|typechange|Psychic\/Poison|[silent]
|-ability|p2a: Tentoxys-Defense|Downpour
|move|p1a: Slime Waifu|Wish|p1a: Slime Waifu
|
|-weather|none
|-heal|p2a: Tentoxys-Defense|100\/100 brn|[from] item: Leftovers
|-heal|p1a: Slime Waifu|100\/100|[from] item: Leftovers
|-damage|p2a: Tentoxys-Defense|95\/100 brn|[from] brn
|upkeep
|turn|26
|
|t:|1653160562
|switch|p1a: Weezking4FEUU|Volquag, M|46\/100
|-start|p1a: Weezking4FEUU|typechange|Fire\/Water|[silent]
|move|p2a: Tentoxys-Defense|Spikes|p1a: Weezking4FEUU
|-sidestart|p1: Bobsican|Spikes
|
|-heal|p1a: Weezking4FEUU|93\/100|[from] move: Wish|[wisher] Slime Waifu
|-heal|p2a: Tentoxys-Defense|100\/100 brn|[from] item: Leftovers
|-damage|p2a: Tentoxys-Defense|95\/100 brn|[from] brn
|upkeep
|turn|27
|
|t:|1653160569
|switch|p1a: ND+ Cofagrigus2|Porygrigus, M|98\/100
|-damage|p1a: ND+ Cofagrigus2|86\/100|[from] Spikes
|-start|p1a: ND+ Cofagrigus2|typechange|Normal\/Ghost|[silent]
|-ability|p1a: ND+ Cofagrigus2|Downpour
|-activate|p1a: ND+ Cofagrigus2|ability: Pillage
|-activate|p1a: ND+ Cofagrigus2|Skill Swap|||[of] p2a: Tentoxys-Defense
|-activate|p1a: ND+ Cofagrigus2|ability: Downpour
|-activate|p2a: Tentoxys-Defense|ability: Pillage
|move|p2a: Tentoxys-Defense|Sludge Bomb|p1a: ND+ Cofagrigus2
|-heal|p1a: ND+ Cofagrigus2|92\/100|[from] ability: Downpour|[of] p2a: Tentoxys-Defense
|-resisted|p1a: ND+ Cofagrigus2
|-damage|p1a: ND+ Cofagrigus2|78\/100
|-status|p1a: ND+ Cofagrigus2|psn
|
|-heal|p2a: Tentoxys-Defense|100\/100 brn|[from] item: Leftovers
|-damage|p2a: Tentoxys-Defense|95\/100 brn|[from] brn
|-damage|p1a: ND+ Cofagrigus2|66\/100 psn|[from] psn
|upkeep
|turn|28
|
|t:|1653160586
|switch|p2a: Glidol|Glidol, F|97\/100 tox
|-start|p2a: Glidol|typechange|Ground\/Flying|[silent]
|switch|p1a: Birbsmart|Mesflame, F|100\/100
|-start|p1a: Birbsmart|typechange|Fire\/Psychic|[silent]
|
|-heal|p2a: Glidol|100\/100 tox|[from] ability: Feel No Pain
|upkeep
|turn|29
|
|t:|1653160598
|switch|p2a: Tentoxys-Defense|Tentoxys-Defense, M|95\/100 brn
|-start|p2a: Tentoxys-Defense|typechange|Psychic\/Poison|[silent]
|-ability|p2a: Tentoxys-Defense|Downpour
|move|p1a: Birbsmart|Overheat|p2a: Tentoxys-Defense|[miss]
|-heal|p2a: Tentoxys-Defense|100\/100 brn|[from] ability: Downpour|[of] p1a: Birbsmart
|-miss|p1a: Birbsmart|p2a: Tentoxys-Defense
|
|-damage|p2a: Tentoxys-Defense|95\/100 brn|[from] brn
|upkeep
|turn|30
|
|t:|1653160610
|switch|p1a: Weezking4FEUU|Volquag, M|93\/100
|-start|p1a: Weezking4FEUU|typechange|Fire\/Water|[silent]
|-damage|p1a: Weezking4FEUU|81\/100|[from] Spikes
|move|p2a: Tentoxys-Defense|Knock Off|p1a: Weezking4FEUU
|-crit|p1a: Weezking4FEUU
|-damage|p1a: Weezking4FEUU|72\/100
|-enditem|p1a: Weezking4FEUU|Choice Scarf|[from] move: Knock Off|[of] p2a: Tentoxys-Defense
|
|-heal|p2a: Tentoxys-Defense|100\/100 brn|[from] item: Leftovers
|-damage|p2a: Tentoxys-Defense|95\/100 brn|[from] brn
|upkeep
|turn|31
|
|t:|1653160617
|move|p2a: Tentoxys-Defense|Sludge Bomb|p1a: Weezking4FEUU
|-damage|p1a: Weezking4FEUU|48\/100
|move|p1a: Weezking4FEUU|Recover|p1a: Weezking4FEUU
|-heal|p1a: Weezking4FEUU|98\/100
|
|-heal|p2a: Tentoxys-Defense|100\/100 brn|[from] item: Leftovers
|-damage|p2a: Tentoxys-Defense|95\/100 brn|[from] brn
|upkeep
|turn|32
|
|t:|1653160628
|switch|p1a: Gliscor 2|Glidol, F|100\/100 tox
|-start|p1a: Gliscor 2|typechange|Ground\/Flying|[silent]
|move|p2a: Tentoxys-Defense|Sludge Bomb|p1a: Gliscor 2
|-resisted|p1a: Gliscor 2
|-damage|p1a: Gliscor 2|87\/100 tox
|
|-heal|p2a: Tentoxys-Defense|100\/100 brn|[from] item: Leftovers
|-damage|p2a: Tentoxys-Defense|95\/100 brn|[from] brn
|-heal|p1a: Gliscor 2|99\/100 tox|[from] ability: Feel No Pain
|upkeep
|turn|33
|
|t:|1653160633
|switch|p2a: Kyottler|Kyottler, M|84\/100
|-start|p2a: Kyottler|typechange|Water\/Bug|[silent]
|-weather|RainDance|[from] ability: Wet Bugs|[of] p2a: Kyottler
|move|p1a: Gliscor 2|Knock Off|p2a: Kyottler
|-damage|p2a: Kyottler|59\/100
|-enditem|p2a: Kyottler|Heavy-Duty Boots|[from] move: Knock Off|[of] p1a: Gliscor 2
|
|-weather|RainDance|[upkeep]
|-heal|p1a: Gliscor 2|100\/100 tox|[from] ability: Feel No Pain
|upkeep
|turn|34
|
|t:|1653160639
|switch|p1a: Weezking4FEUU|Volquag, M|98\/100
|-damage|p1a: Weezking4FEUU|86\/100|[from] Spikes
|-start|p1a: Weezking4FEUU|typechange|Fire\/Water|[silent]
|move|p2a: Kyottler|Origin Pulse|p1a: Weezking4FEUU
|-heal|p1a: Weezking4FEUU|100\/100|[from] ability: Porous|[of] p2a: Kyottler
|
|-weather|RainDance|[upkeep]
|upkeep
|turn|35
|
|t:|1653160645
|switch|p2a: Tentoxys-Defense|Tentoxys-Defense, M|95\/100 brn
|-start|p2a: Tentoxys-Defense|typechange|Psychic\/Poison|[silent]
|-ability|p2a: Tentoxys-Defense|Downpour
|move|p1a: Weezking4FEUU|Scald|p2a: Tentoxys-Defense
|-heal|p2a: Tentoxys-Defense|100\/100 brn|[from] ability: Downpour|[of] p1a: Weezking4FEUU
|-damage|p2a: Tentoxys-Defense|69\/100 brn
|
|-weather|RainDance|[upkeep]
|-heal|p2a: Tentoxys-Defense|75\/100 brn|[from] item: Leftovers
|-damage|p2a: Tentoxys-Defense|69\/100 brn|[from] brn
|upkeep
|turn|36
|
|t:|1653160657
|switch|p1a: Gliscor 2|Glidol, F|100\/100 tox
|-start|p1a: Gliscor 2|typechange|Ground\/Flying|[silent]
|move|p2a: Tentoxys-Defense|Spikes|p1a: Gliscor 2
|-sidestart|p1: Bobsican|Spikes
|
|-weather|RainDance|[upkeep]
|-heal|p2a: Tentoxys-Defense|75\/100 brn|[from] item: Leftovers
|-damage|p2a: Tentoxys-Defense|69\/100 brn|[from] brn
|upkeep
|turn|37
|
|t:|1653160662
|switch|p2a: Kyottler|Kyottler, M|59\/100
|-start|p2a: Kyottler|typechange|Water\/Bug|[silent]
|move|p1a: Gliscor 2|Rapid Spin|p2a: Kyottler
|-damage|p2a: Kyottler|47\/100
|-boost|p1a: Gliscor 2|spe|1
|-sideend|p1: Bobsican|Spikes|[from] move: Rapid Spin|[of] p1a: Gliscor 2
|
|-weather|none
|upkeep
|turn|38
|
|t:|1653160672
|switch|p1a: Weezking4FEUU|Volquag, M|100\/100
|-start|p1a: Weezking4FEUU|typechange|Fire\/Water|[silent]
|move|p2a: Kyottler|Recover|p2a: Kyottler
|-heal|p2a: Kyottler|98\/100
|
|upkeep
|turn|39
|
|t:|1653160680
|switch|p2a: Tentoxys-Defense|Tentoxys-Defense, M|69\/100 brn
|-start|p2a: Tentoxys-Defense|typechange|Psychic\/Poison|[silent]
|-ability|p2a: Tentoxys-Defense|Downpour
|switch|p1a: Gliscor 2|Glidol, F|100\/100 tox
|-start|p1a: Gliscor 2|typechange|Ground\/Flying|[silent]
|
|-heal|p2a: Tentoxys-Defense|75\/100 brn|[from] item: Leftovers
|-damage|p2a: Tentoxys-Defense|69\/100 brn|[from] brn
|upkeep
|turn|40
|
|t:|1653160689
|switch|p2a: Kyottler|Kyottler, M|98\/100
|-start|p2a: Kyottler|typechange|Water\/Bug|[silent]
|-weather|RainDance|[from] ability: Wet Bugs|[of] p2a: Kyottler
|move|p1a: Gliscor 2|Knock Off|p2a: Kyottler
|-damage|p2a: Kyottler|83\/100
|
|-weather|RainDance|[upkeep]
|upkeep
|turn|41
|inactive|isocon has 270 seconds left.
|c|☆Bobsican|This is going to take a while
|
|t:|1653160724
|switch|p1a: Slime Waifu|Goodevoir, F|100\/100
|-start|p1a: Slime Waifu|typechange|Dragon\/Fairy|[silent]
|move|p2a: Kyottler|Thunder|p1a: Slime Waifu
|-resisted|p1a: Slime Waifu
|-damage|p1a: Slime Waifu|89\/100
|
|-weather|RainDance|[upkeep]
|-heal|p1a: Slime Waifu|95\/100|[from] item: Leftovers
|upkeep
|turn|42
|inactive|isocon has 270 seconds left.
|
|t:|1653160730
|move|p1a: Slime Waifu|Moonblast|p2a: Kyottler
|-damage|p2a: Kyottler|49\/100
|-unboost|p2a: Kyottler|spa|1
|move|p2a: Kyottler|Trick|p1a: Slime Waifu
|-activate|p2a: Kyottler|move: Trick|[of] p1a: Slime Waifu
|-enditem|p1a: Slime Waifu|Leftovers|[silent]|[from] move: Trick
|-item|p2a: Kyottler|Leftovers|[from] move: Trick
|
|-weather|RainDance|[upkeep]
|-heal|p2a: Kyottler|55\/100|[from] item: Leftovers
|upkeep
|turn|43
|
|t:|1653160735
|move|p1a: Slime Waifu|Moonblast|p2a: Kyottler
|-crit|p2a: Kyottler
|-damage|p2a: Kyottler|8\/100
|move|p2a: Kyottler|Recover|p2a: Kyottler
|-heal|p2a: Kyottler|59\/100
|
|-weather|RainDance|[upkeep]
|-heal|p2a: Kyottler|65\/100|[from] item: Leftovers
|upkeep
|turn|44
|
|t:|1653160738
|move|p1a: Slime Waifu|Moonblast|p2a: Kyottler
|-damage|p2a: Kyottler|32\/100
|move|p2a: Kyottler|Recover|p2a: Kyottler
|-heal|p2a: Kyottler|82\/100
|
|-weather|none
|-heal|p2a: Kyottler|88\/100|[from] item: Leftovers
|upkeep
|turn|45
|
|t:|1653160742
|switch|p2a: Tentoxys-Defense|Tentoxys-Defense, M|69\/100 brn
|-start|p2a: Tentoxys-Defense|typechange|Psychic\/Poison|[silent]
|-ability|p2a: Tentoxys-Defense|Downpour
|move|p1a: Slime Waifu|Moonblast|p2a: Tentoxys-Defense
|-heal|p2a: Tentoxys-Defense|75\/100 brn|[from] ability: Downpour|[of] p1a: Slime Waifu
|-resisted|p2a: Tentoxys-Defense
|-damage|p2a: Tentoxys-Defense|61\/100 brn
|
|-heal|p2a: Tentoxys-Defense|67\/100 brn|[from] item: Leftovers
|-damage|p2a: Tentoxys-Defense|61\/100 brn|[from] brn
|upkeep
|turn|46
|
|t:|1653160750
|switch|p1a: Gliscor 2|Glidol, F|100\/100 tox
|-start|p1a: Gliscor 2|typechange|Ground\/Flying|[silent]
|move|p2a: Tentoxys-Defense|Sludge Bomb|p1a: Gliscor 2
|-resisted|p1a: Gliscor 2
|-crit|p1a: Gliscor 2
|-damage|p1a: Gliscor 2|80\/100 tox
|
|-heal|p2a: Tentoxys-Defense|67\/100 brn|[from] item: Leftovers
|-damage|p2a: Tentoxys-Defense|61\/100 brn|[from] brn
|-heal|p1a: Gliscor 2|92\/100 tox|[from] ability: Feel No Pain
|upkeep
|turn|47
|
|t:|1653160755
|switch|p2a: Glidol|Glidol, F|100\/100 tox
|-start|p2a: Glidol|typechange|Ground\/Flying|[silent]
|move|p1a: Gliscor 2|Earthquake|p2a: Glidol
|-immune|p2a: Glidol|[from] ability: Feel No Pain
|
|-heal|p1a: Gliscor 2|100\/100 tox|[from] ability: Feel No Pain
|upkeep
|turn|48
|
|t:|1653160768
|move|p2a: Glidol|Knock Off|p1a: Gliscor 2
|-damage|p1a: Gliscor 2|90\/100 tox
|move|p1a: Gliscor 2|Knock Off|p2a: Glidol
|-damage|p2a: Glidol|84\/100 tox
|-enditem|p2a: Glidol|Toxic Orb|[from] move: Knock Off|[of] p1a: Gliscor 2
|
|-heal|p1a: Gliscor 2|100\/100 tox|[from] ability: Feel No Pain
|-heal|p2a: Glidol|96\/100 tox|[from] ability: Feel No Pain
|upkeep
|turn|49
|
|t:|1653160773
|move|p2a: Glidol|Rapid Spin|p1a: Gliscor 2
|-damage|p1a: Gliscor 2|92\/100 tox
|-boost|p2a: Glidol|spe|1
|move|p1a: Gliscor 2|Knock Off|p2a: Glidol
|-damage|p2a: Glidol|84\/100 tox
|
|-heal|p2a: Glidol|97\/100 tox|[from] ability: Feel No Pain
|-heal|p1a: Gliscor 2|100\/100 tox|[from] ability: Feel No Pain
|upkeep
|turn|50
|
|t:|1653160781
|switch|p2a: Avarupt|Avarupt-Mega, M|90\/100
|-start|p2a: Avarupt|typechange|Ice\/Ground|[silent]
|-start|p2a: Avarupt|typechange|Ice\/Ground|[silent]
|switch|p1a: Goofy|Igglyzenta-Crowned, F|99\/100
|-start|p1a: Goofy|typechange|Fairy\/Steel|[silent]
|-ability|p1a: Goofy|Friend Shield|boost
|-boost|p1a: Goofy|def|1
|-boost|p1a: Goofy|spd|1
|
|upkeep
|turn|51
|
|t:|1653160787
|switch|p2a: Glidol|Glidol, F|97\/100 tox
|-start|p2a: Glidol|typechange|Ground\/Flying|[silent]
|move|p1a: Goofy|Protect||[still]
|-fail|p1a: Goofy
|
|-heal|p2a: Glidol|100\/100 tox|[from] ability: Feel No Pain
|upkeep
|turn|52
|
|t:|1653160794
|switch|p1a: Gliscor 2|Glidol, F|100\/100 tox
|-start|p1a: Gliscor 2|typechange|Ground\/Flying|[silent]
|move|p2a: Glidol|Rapid Spin|p1a: Gliscor 2
|-damage|p1a: Gliscor 2|91\/100 tox
|-boost|p2a: Glidol|spe|1
|
|-heal|p1a: Gliscor 2|100\/100 tox|[from] ability: Feel No Pain
|upkeep
|turn|53
|
|t:|1653160800
|switch|p2a: Avarupt|Avarupt-Mega, M|90\/100
|-start|p2a: Avarupt|typechange|Ice\/Ground|[silent]
|-start|p2a: Avarupt|typechange|Ice\/Ground|[silent]
|switch|p1a: ND+ Cofagrigus2|Porygrigus, M|66\/100 psn
|-start|p1a: ND+ Cofagrigus2|typechange|Normal\/Ghost|[silent]
|-activate|p1a: ND+ Cofagrigus2|ability: Pillage
|-activate|p1a: ND+ Cofagrigus2|Skill Swap|||[of] p2a: Avarupt
|-activate|p1a: ND+ Cofagrigus2|ability: Sheer Force
|-activate|p2a: Avarupt|ability: Pillage
|
|-damage|p1a: ND+ Cofagrigus2|53\/100 psn|[from] psn
|upkeep
|turn|54
|
|t:|1653160810
|switch|p1a: Slime Waifu|Goodevoir, F|95\/100
|-start|p1a: Slime Waifu|typechange|Dragon\/Fairy|[silent]
|switch|p2a: Glidol|Glidol, F|100\/100 tox
|-start|p2a: Glidol|typechange|Ground\/Flying|[silent]
|
|upkeep
|turn|55
|
|t:|1653160819
|switch|p2a: Tentoxys-Defense|Tentoxys-Defense, M|61\/100 brn
|-start|p2a: Tentoxys-Defense|typechange|Psychic\/Poison|[silent]
|-ability|p2a: Tentoxys-Defense|Downpour
|move|p1a: Slime Waifu|Wish|p1a: Slime Waifu
|
|-heal|p2a: Tentoxys-Defense|67\/100 brn|[from] item: Leftovers
|-damage|p2a: Tentoxys-Defense|61\/100 brn|[from] brn
|upkeep
|turn|56
|
|t:|1653160824
|switch|p1a: ND+ Cofagrigus2|Porygrigus, M|53\/100 psn
|-start|p1a: ND+ Cofagrigus2|typechange|Normal\/Ghost|[silent]
|-ability|p1a: ND+ Cofagrigus2|Downpour
|-activate|p1a: ND+ Cofagrigus2|ability: Pillage
|-activate|p1a: ND+ Cofagrigus2|Skill Swap|||[of] p2a: Tentoxys-Defense
|-activate|p1a: ND+ Cofagrigus2|ability: Downpour
|-activate|p2a: Tentoxys-Defense|ability: Pillage
|move|p2a: Tentoxys-Defense|Recover|p2a: Tentoxys-Defense
|-heal|p2a: Tentoxys-Defense|100\/100 brn
|
|-heal|p1a: ND+ Cofagrigus2|100\/100 psn|[from] move: Wish|[wisher] Slime Waifu
|-damage|p2a: Tentoxys-Defense|95\/100 brn|[from] brn
|-damage|p1a: ND+ Cofagrigus2|88\/100 psn|[from] psn
|upkeep
|turn|57
|
|t:|1653160832
|switch|p2a: Glidol|Glidol, F|100\/100 tox
|-start|p2a: Glidol|typechange|Ground\/Flying|[silent]
|switch|p1a: Gliscor 2|Glidol, F|100\/100 tox
|-start|p1a: Gliscor 2|typechange|Ground\/Flying|[silent]
|
|upkeep
|turn|58
|l|+Gekokeso
|
|t:|1653160837
|switch|p1a: ND+ Cofagrigus2|Porygrigus, M|88\/100 psn
|-start|p1a: ND+ Cofagrigus2|typechange|Normal\/Ghost|[silent]
|-activate|p1a: ND+ Cofagrigus2|ability: Pillage
|-activate|p1a: ND+ Cofagrigus2|Skill Swap|||[of] p2a: Glidol
|-activate|p1a: ND+ Cofagrigus2|ability: Feel No Pain
|-activate|p2a: Glidol|ability: Pillage
|switch|p2a: Avarupt|Avarupt-Mega, M|90\/100
|-start|p2a: Avarupt|typechange|Ice\/Ground|[silent]
|-start|p2a: Avarupt|typechange|Ice\/Ground|[silent]
|
|-heal|p1a: ND+ Cofagrigus2|100\/100 psn|[from] ability: Feel No Pain
|upkeep
|turn|59
|
|t:|1653160845
|switch|p1a: Birbsmart|Mesflame, F|100\/100
|-start|p1a: Birbsmart|typechange|Fire\/Psychic|[silent]
|switch|p2a: Glidol|Glidol, F|100\/100 tox
|-start|p2a: Glidol|typechange|Ground\/Flying|[silent]
|
|upkeep
|turn|60
|
|t:|1653160854
|switch|p2a: Kyottler|Kyottler, M|88\/100
|-start|p2a: Kyottler|typechange|Water\/Bug|[silent]
|-weather|RainDance|[from] ability: Wet Bugs|[of] p2a: Kyottler
|switch|p1a: Gliscor 2|Glidol, F|100\/100 tox
|-start|p1a: Gliscor 2|typechange|Ground\/Flying|[silent]
|
|-weather|RainDance|[upkeep]
|-heal|p2a: Kyottler|94\/100|[from] item: Leftovers
|upkeep
|turn|61
|
|t:|1653160864
|switch|p1a: Slime Waifu|Goodevoir, F|95\/100
|-start|p1a: Slime Waifu|typechange|Dragon\/Fairy|[silent]
|move|p2a: Kyottler|Thunder|p1a: Slime Waifu
|-resisted|p1a: Slime Waifu
|-damage|p1a: Slime Waifu|84\/100
|
|-weather|RainDance|[upkeep]
|-heal|p2a: Kyottler|100\/100|[from] item: Leftovers
|upkeep
|turn|62
|
|t:|1653160882
|switch|p2a: Jirachonator|Jirachonator, F|100\/100
|-start|p2a: Jirachonator|typechange|Steel\/Dragon|[silent]
|raw|<ul class="utilichart"><li class="result"><span class="col pokemonnamecol" style="white-space: nowrap">Jirachonator<\/span> <span class="col typecol"><img src="https:\/\/dragonheaven.herokuapp.com\/sprites\/types\/Steel.png" alt="Steel" height="14" width="32"><img src="https:\/\/dragonheaven.herokuapp.com\/sprites\/types\/Dragon.png" alt="Dragon" height="14" width="32"><\/span> <span style="float: left ; min-height: 26px"><span class="col abilitycol">Shield Dust<\/span><span class="col abilitycol"><\/span><\/span><\/li><li style="clear: both"><\/li><\/ul>
|raw|<ul class="utilichart"><li class="result"><span style="float: left ; min-height: 26px"><span class="col statcol"><em>HP<\/em><br>90<\/span> <span class="col statcol"><em>Atk<\/em><br>89<\/span> <span class="col statcol"><em>Def<\/em><br>117<\/span> <span class="col statcol"><em>SpA<\/em><br>115<\/span> <span class="col statcol"><em>SpD<\/em><br>102<\/span> <span class="col statcol"><em>Spe<\/em><br>68<\/span> <\/span><\/li><li style="clear: both"><\/li><\/ul>
|move|p1a: Slime Waifu|Heal Bell|p1a: Slime Waifu
|-activate|p1a: Slime Waifu|move: Heal Bell
|-curestatus|p1: Gliscor 2|tox|[msg]
|-curestatus|p1: ND+ Cofagrigus2|psn|[msg]
|
|-weather|RainDance|[upkeep]
|upkeep
|turn|63
|
|t:|1653160893
|switch|p1a: Weezking4FEUU|Volquag, M|100\/100
|-start|p1a: Weezking4FEUU|typechange|Fire\/Water|[silent]
|move|p2a: Jirachonator|Stealth Rock|p1a: Weezking4FEUU
|-sidestart|p1: Bobsican|move: Stealth Rock
|
|-weather|RainDance|[upkeep]
|upkeep
|turn|64
|
|t:|1653160905
|switch|p2a: Tentoxys-Defense|Tentoxys-Defense, M|95\/100 brn
|-start|p2a: Tentoxys-Defense|typechange|Psychic\/Poison|[silent]
|-ability|p2a: Tentoxys-Defense|Downpour
|move|p1a: Weezking4FEUU|Flamethrower|p2a: Tentoxys-Defense
|-heal|p2a: Tentoxys-Defense|100\/100 brn|[from] ability: Downpour|[of] p1a: Weezking4FEUU
|-damage|p2a: Tentoxys-Defense|89\/100 brn
|
|-weather|none
|-heal|p2a: Tentoxys-Defense|95\/100 brn|[from] item: Leftovers
|-damage|p2a: Tentoxys-Defense|89\/100 brn|[from] brn
|upkeep
|turn|65
|l|+G-Luke
|
|t:|1653160923
|switch|p1a: Gliscor 2|Glidol, F|100\/100
|-start|p1a: Gliscor 2|typechange|Ground\/Flying|[silent]
|-damage|p1a: Gliscor 2|88\/100|[from] Stealth Rock
|move|p2a: Tentoxys-Defense|Knock Off|p1a: Gliscor 2
|-damage|p1a: Gliscor 2|84\/100
|
|-heal|p2a: Tentoxys-Defense|95\/100 brn|[from] item: Leftovers
|-damage|p2a: Tentoxys-Defense|89\/100 brn|[from] brn
|upkeep
|turn|66
|c|+zxgzxg|are ya winning son
|
|t:|1653160929
|switch|p2a: Avarupt|Avarupt-Mega, M|90\/100
|-start|p2a: Avarupt|typechange|Ice\/Ground|[silent]
|-start|p2a: Avarupt|typechange|Ice\/Ground|[silent]
|move|p1a: Gliscor 2|Rapid Spin|p2a: Avarupt
|-damage|p2a: Avarupt|84\/100
|-boost|p1a: Gliscor 2|spe|1
|-sideend|p1: Bobsican|Stealth Rock|[from] move: Rapid Spin|[of] p1a: Gliscor 2
|
|upkeep
|turn|67
|
|t:|1653160944
|switch|p1a: Slime Waifu|Goodevoir, F|84\/100
|-start|p1a: Slime Waifu|typechange|Dragon\/Fairy|[silent]
|move|p2a: Avarupt|Ice Beam|p1a: Slime Waifu
|-supereffective|p1a: Slime Waifu
|-damage|p1a: Slime Waifu|0 fnt
|faint|p1a: Slime Waifu
|
|upkeep
|
|t:|1653160949
|switch|p1a: Birbsmart|Mesflame, F|100\/100
|-start|p1a: Birbsmart|typechange|Fire\/Psychic|[silent]
|turn|68
|
|t:|1653160955
|switch|p2a: Tentoxys-Defense|Tentoxys-Defense, M|89\/100 brn
|-start|p2a: Tentoxys-Defense|typechange|Psychic\/Poison|[silent]
|-ability|p2a: Tentoxys-Defense|Downpour
|move|p1a: Birbsmart|Trick|p2a: Tentoxys-Defense
|-heal|p2a: Tentoxys-Defense|95\/100 brn|[from] ability: Downpour|[of] p1a: Birbsmart
|-activate|p1a: Birbsmart|move: Trick|[of] p2a: Tentoxys-Defense
|-item|p2a: Tentoxys-Defense|Choice Specs|[from] move: Trick
|-item|p1a: Birbsmart|Leftovers|[from] move: Trick
|
|-damage|p2a: Tentoxys-Defense|89\/100 brn|[from] brn
|upkeep
|turn|69
|
|t:|1653160966
|switch|p1a: ND+ Cofagrigus2|Porygrigus, M|100\/100
|-start|p1a: ND+ Cofagrigus2|typechange|Normal\/Ghost|[silent]
|-ability|p1a: ND+ Cofagrigus2|Downpour
|-activate|p1a: ND+ Cofagrigus2|ability: Pillage
|-activate|p1a: ND+ Cofagrigus2|Skill Swap|||[of] p2a: Tentoxys-Defense
|-activate|p1a: ND+ Cofagrigus2|ability: Downpour
|-activate|p2a: Tentoxys-Defense|ability: Pillage
|move|p2a: Tentoxys-Defense|Knock Off|p1a: ND+ Cofagrigus2
|-supereffective|p1a: ND+ Cofagrigus2
|-damage|p1a: ND+ Cofagrigus2|93\/100
|
|-damage|p2a: Tentoxys-Defense|83\/100 brn|[from] brn
|upkeep
|turn|70
|
|t:|1653160977
|switch|p2a: Glidol|Glidol, F|100\/100 tox
|-start|p2a: Glidol|typechange|Ground\/Flying|[silent]
|switch|p1a: Gliscor 2|Glidol, F|84\/100
|-start|p1a: Gliscor 2|typechange|Ground\/Flying|[silent]
|
|upkeep
|turn|71
|
|t:|1653160983
|switch|p2a: Avarupt|Avarupt-Mega, M|84\/100
|-start|p2a: Avarupt|typechange|Ice\/Ground|[silent]
|-start|p2a: Avarupt|typechange|Ice\/Ground|[silent]
|switch|p1a: ND+ Cofagrigus2|Porygrigus, M|93\/100
|-start|p1a: ND+ Cofagrigus2|typechange|Normal\/Ghost|[silent]
|-activate|p1a: ND+ Cofagrigus2|ability: Pillage
|-activate|p1a: ND+ Cofagrigus2|Skill Swap|||[of] p2a: Avarupt
|-activate|p1a: ND+ Cofagrigus2|ability: Sheer Force
|-activate|p2a: Avarupt|ability: Pillage
|
|upkeep
|turn|72
|
|t:|1653160994
|switch|p1a: Birbsmart|Mesflame, F|100\/100
|-start|p1a: Birbsmart|typechange|Fire\/Psychic|[silent]
|move|p2a: Avarupt|Toxic|p1a: Birbsmart
|-status|p1a: Birbsmart|tox
|
|-damage|p1a: Birbsmart|94\/100 tox|[from] psn
|upkeep
|turn|73
|
|t:|1653161000
|switch|p2a: Tentoxys-Defense|Tentoxys-Defense, M|83\/100 brn
|-start|p2a: Tentoxys-Defense|typechange|Psychic\/Poison|[silent]
|-ability|p2a: Tentoxys-Defense|Downpour
|move|p1a: Birbsmart|Psychic|p2a: Tentoxys-Defense
|-heal|p2a: Tentoxys-Defense|89\/100 brn|[from] ability: Downpour|[of] p1a: Birbsmart
|-damage|p2a: Tentoxys-Defense|68\/100 brn
|
|-heal|p1a: Birbsmart|100\/100 tox|[from] item: Leftovers
|-damage|p2a: Tentoxys-Defense|62\/100 brn|[from] brn
|-damage|p1a: Birbsmart|88\/100 tox|[from] psn
|upkeep
|turn|74
|j|+G-Luke
|
|t:|1653161012
|switch|p2a: Kyottler|Kyottler, M|100\/100
|-start|p2a: Kyottler|typechange|Water\/Bug|[silent]
|-weather|RainDance|[from] ability: Wet Bugs|[of] p2a: Kyottler
|switch|p1a: Gliscor 2|Glidol, F|84\/100
|-start|p1a: Gliscor 2|typechange|Ground\/Flying|[silent]
|
|-weather|RainDance|[upkeep]
|upkeep
|turn|75
|
|t:|1653161020
|switch|p1a: Goofy|Igglyzenta-Crowned, F|99\/100
|-start|p1a: Goofy|typechange|Fairy\/Steel|[silent]
|-ability|p1a: Goofy|Friend Shield|boost
|-boost|p1a: Goofy|def|1
|-boost|p1a: Goofy|spd|1
|move|p2a: Kyottler|Origin Pulse|p1a: Goofy
|-damage|p1a: Goofy|52\/100
|
|-weather|RainDance|[upkeep]
|upkeep
|turn|76
|
|t:|1653161031
|move|p1a: Goofy|Wish|p1a: Goofy
|move|p2a: Kyottler|Thunder|p1a: Goofy
|-damage|p1a: Goofy|29\/100
|
|-weather|RainDance|[upkeep]
|upkeep
|turn|77
|
|t:|1653161042
|switch|p2a: Jirachonator|Jirachonator, F|100\/100
|-start|p2a: Jirachonator|typechange|Steel\/Dragon|[silent]
|move|p1a: Goofy|Protect||[still]
|-fail|p1a: Goofy
|
|-weather|RainDance|[upkeep]
|-heal|p1a: Goofy|79\/100|[from] move: Wish|[wisher] Goofy
|upkeep
|turn|78
|
|t:|1653161048
|move|p1a: Goofy|Play Rough|p2a: Jirachonator
|-damage|p2a: Jirachonator|74\/100
|move|p2a: Jirachonator|Stealth Rock|p1a: Goofy
|-sidestart|p1: Bobsican|move: Stealth Rock
|
|-weather|none
|-heal|p2a: Jirachonator|81\/100|[from] item: Leftovers
|upkeep
|turn|79
|
|t:|1653161052
|move|p2a: Jirachonator|Protect|p2a: Jirachonator
|-singleturn|p2a: Jirachonator|Protect
|move|p1a: Goofy|Wish|p1a: Goofy
|
|-heal|p2a: Jirachonator|87\/100|[from] item: Leftovers
|upkeep
|turn|80
|
|t:|1653161060
|switch|p2a: Glidol|Glidol, F|100\/100 tox
|-start|p2a: Glidol|typechange|Ground\/Flying|[silent]
|move|p1a: Goofy|Play Rough|p2a: Glidol
|-damage|p2a: Glidol|74\/100 tox
|
|-heal|p1a: Goofy|100\/100|[from] move: Wish|[wisher] Goofy
|-heal|p2a: Glidol|87\/100 tox|[from] ability: Feel No Pain
|upkeep
|turn|81
|
|t:|1653161081
|switch|p1a: Gliscor 2|Glidol, F|84\/100
|-damage|p1a: Gliscor 2|72\/100|[from] Stealth Rock
|-start|p1a: Gliscor 2|typechange|Ground\/Flying|[silent]
|move|p2a: Glidol|Earthquake|p1a: Gliscor 2
|-immune|p1a: Gliscor 2|[from] ability: Feel No Pain
|
|-heal|p2a: Glidol|99\/100 tox|[from] ability: Feel No Pain
|upkeep
|turn|82
|
|t:|1653161085
|switch|p2a: Avarupt|Avarupt-Mega, M|84\/100
|-start|p2a: Avarupt|typechange|Ice\/Ground|[silent]
|-start|p2a: Avarupt|typechange|Ice\/Ground|[silent]
|move|p1a: Gliscor 2|Rapid Spin|p2a: Avarupt
|-damage|p2a: Avarupt|77\/100
|-boost|p1a: Gliscor 2|spe|1
|-sideend|p1: Bobsican|Stealth Rock|[from] move: Rapid Spin|[of] p1a: Gliscor 2
|
|upkeep
|turn|83
|
|t:|1653161093
|switch|p1a: Birbsmart|Mesflame, F|88\/100 tox
|-start|p1a: Birbsmart|typechange|Fire\/Psychic|[silent]
|move|p2a: Avarupt|Recover|p2a: Avarupt
|-heal|p2a: Avarupt|100\/100
|
|-heal|p1a: Birbsmart|94\/100 tox|[from] item: Leftovers
|-damage|p1a: Birbsmart|88\/100 tox|[from] psn
|upkeep
|turn|84
|
|t:|1653161100
|switch|p2a: Glidol|Glidol, F|99\/100 tox
|-start|p2a: Glidol|typechange|Ground\/Flying|[silent]
|move|p1a: Birbsmart|Overheat|p2a: Glidol
|-crit|p2a: Glidol
|-damage|p2a: Glidol|40\/100 tox
|-unboost|p1a: Birbsmart|spa|2
|
|-heal|p1a: Birbsmart|94\/100 tox|[from] item: Leftovers
|-heal|p2a: Glidol|52\/100 tox|[from] ability: Feel No Pain
|-damage|p1a: Birbsmart|82\/100 tox|[from] psn
|upkeep
|turn|85
|
|t:|1653161126
|switch|p1a: Gliscor 2|Glidol, F|72\/100
|-start|p1a: Gliscor 2|typechange|Ground\/Flying|[silent]
|move|p2a: Glidol|Roost|p2a: Glidol
|-heal|p2a: Glidol|100\/100 tox
|-singleturn|p2a: Glidol|move: Roost
|
|upkeep
|turn|86
|
|t:|1653161137
|switch|p2a: Avarupt|Avarupt-Mega, M|100\/100
|-start|p2a: Avarupt|typechange|Ice\/Ground|[silent]
|-start|p2a: Avarupt|typechange|Ice\/Ground|[silent]
|move|p1a: Gliscor 2|Knock Off|p2a: Avarupt
|-damage|p2a: Avarupt|93\/100
|
|upkeep
|turn|87
|
|t:|1653161146
|switch|p1a: Birbsmart|Mesflame, F|82\/100 tox
|-start|p1a: Birbsmart|typechange|Fire\/Psychic|[silent]
|move|p2a: Avarupt|Earth Power|p1a: Birbsmart
|-immune|p1a: Birbsmart|[from] ability: Leviflame
|
|-heal|p1a: Birbsmart|88\/100 tox|[from] item: Leftovers
|-damage|p1a: Birbsmart|82\/100 tox|[from] psn
|upkeep
|turn|88
|
|t:|1653161152
|switch|p1a: ND+ Cofagrigus2|Porygrigus, M|93\/100
|-start|p1a: ND+ Cofagrigus2|typechange|Normal\/Ghost|[silent]
|-activate|p1a: ND+ Cofagrigus2|ability: Pillage
|-activate|p1a: ND+ Cofagrigus2|Skill Swap|||[of] p2a: Avarupt
|-activate|p1a: ND+ Cofagrigus2|ability: Sheer Force
|-activate|p2a: Avarupt|ability: Pillage
|switch|p2a: Glidol|Glidol, F|100\/100 tox
|-start|p2a: Glidol|typechange|Ground\/Flying|[silent]
|
|upkeep
|turn|89
|
|t:|1653161168
|move|p2a: Glidol|Knock Off|p1a: ND+ Cofagrigus2
|-supereffective|p1a: ND+ Cofagrigus2
|-damage|p1a: ND+ Cofagrigus2|74\/100
|move|p1a: ND+ Cofagrigus2|Shadow Ball|p2a: Glidol
|-damage|p2a: Glidol|67\/100 tox
|
|-heal|p2a: Glidol|79\/100 tox|[from] ability: Feel No Pain
|upkeep
|turn|90
|
|t:|1653161176
|move|p2a: Glidol|Knock Off|p1a: ND+ Cofagrigus2
|-supereffective|p1a: ND+ Cofagrigus2
|-damage|p1a: ND+ Cofagrigus2|55\/100
|move|p1a: ND+ Cofagrigus2|Shadow Ball|p2a: Glidol
|-damage|p2a: Glidol|45\/100 tox
|
|-heal|p2a: Glidol|57\/100 tox|[from] ability: Feel No Pain
|upkeep
|turn|91
|
|t:|1653161186
|move|p2a: Glidol|Knock Off|p1a: ND+ Cofagrigus2
|-supereffective|p1a: ND+ Cofagrigus2
|-damage|p1a: ND+ Cofagrigus2|37\/100
|move|p1a: ND+ Cofagrigus2|Recover|p1a: ND+ Cofagrigus2
|-heal|p1a: ND+ Cofagrigus2|87\/100
|
|-heal|p2a: Glidol|70\/100 tox|[from] ability: Feel No Pain
|upkeep
|turn|92
|
|t:|1653161191
|switch|p1a: Gliscor 2|Glidol, F|72\/100
|-start|p1a: Gliscor 2|typechange|Ground\/Flying|[silent]
|move|p2a: Glidol|Knock Off|p1a: Gliscor 2
|-damage|p1a: Gliscor 2|60\/100
|
|-heal|p2a: Glidol|82\/100 tox|[from] ability: Feel No Pain
|upkeep
|turn|93
|
|t:|1653161194
|switch|p2a: Avarupt|Avarupt-Mega, M|93\/100
|-start|p2a: Avarupt|typechange|Ice\/Ground|[silent]
|-start|p2a: Avarupt|typechange|Ice\/Ground|[silent]
|move|p1a: Gliscor 2|Roost|p1a: Gliscor 2
|-heal|p1a: Gliscor 2|100\/100
|-singleturn|p1a: Gliscor 2|move: Roost
|
|upkeep
|turn|94
|
|t:|1653161197
|switch|p1a: Birbsmart|Mesflame, F|82\/100 tox
|-start|p1a: Birbsmart|typechange|Fire\/Psychic|[silent]
|move|p2a: Avarupt|Ice Beam|p1a: Birbsmart
|-resisted|p1a: Birbsmart
|-damage|p1a: Birbsmart|56\/100 tox
|
|-heal|p1a: Birbsmart|62\/100 tox|[from] item: Leftovers
|-damage|p1a: Birbsmart|56\/100 tox|[from] psn
|upkeep
|turn|95
|j|+Gekokeso
|
|t:|1653161204
|switch|p2a: Glidol|Glidol, F|82\/100 tox
|-start|p2a: Glidol|typechange|Ground\/Flying|[silent]
|move|p1a: Birbsmart|Overheat|p2a: Glidol
|-damage|p2a: Glidol|43\/100 tox
|-unboost|p1a: Birbsmart|spa|2
|
|-heal|p1a: Birbsmart|62\/100 tox|[from] item: Leftovers
|-heal|p2a: Glidol|56\/100 tox|[from] ability: Feel No Pain
|-damage|p1a: Birbsmart|50\/100 tox|[from] psn
|upkeep
|turn|96
|
|t:|1653161211
|switch|p1a: Goofy|Igglyzenta-Crowned, F|100\/100
|-start|p1a: Goofy|typechange|Fairy\/Steel|[silent]
|-ability|p1a: Goofy|Friend Shield|boost
|-boost|p1a: Goofy|def|1
|-boost|p1a: Goofy|spd|1
|move|p2a: Glidol|Roost|p2a: Glidol
|-heal|p2a: Glidol|100\/100 tox
|-singleturn|p2a: Glidol|move: Roost
|
|upkeep
|turn|97
|
|t:|1653161214
|move|p2a: Glidol|Earthquake|p1a: Goofy
|-supereffective|p1a: Goofy
|-damage|p1a: Goofy|70\/100
|move|p1a: Goofy|Wish|p1a: Goofy
|
|upkeep
|turn|98
|
|t:|1653161223
|switch|p1a: Birbsmart|Mesflame, F|50\/100 tox
|-start|p1a: Birbsmart|typechange|Fire\/Psychic|[silent]
|move|p2a: Glidol|Knock Off|p1a: Birbsmart
|-supereffective|p1a: Birbsmart
|-damage|p1a: Birbsmart|18\/100 tox
|-enditem|p1a: Birbsmart|Leftovers|[from] move: Knock Off|[of] p2a: Glidol
|
|-heal|p1a: Birbsmart|72\/100 tox|[from] move: Wish|[wisher] Goofy
|-damage|p1a: Birbsmart|66\/100 tox|[from] psn
|upkeep
|turn|99
|
|t:|1653161235
|switch|p2a: Kyottler|Kyottler, M|100\/100
|-start|p2a: Kyottler|typechange|Water\/Bug|[silent]
|-weather|RainDance|[from] ability: Wet Bugs|[of] p2a: Kyottler
|switch|p1a: ND+ Cofagrigus2|Porygrigus, M|87\/100
|-start|p1a: ND+ Cofagrigus2|typechange|Normal\/Ghost|[silent]
|-activate|p1a: ND+ Cofagrigus2|ability: Pillage
|-activate|p1a: ND+ Cofagrigus2|Skill Swap|||[of] p2a: Kyottler
|-activate|p1a: ND+ Cofagrigus2|ability: Wet Bugs
|-activate|p2a: Kyottler|ability: Pillage
|
|-weather|RainDance|[upkeep]
|upkeep
|turn|100
|
|t:|1653161247
|switch|p1a: Weezking4FEUU|Volquag, M|100\/100
|-start|p1a: Weezking4FEUU|typechange|Fire\/Water|[silent]
|move|p2a: Kyottler|Origin Pulse|p1a: Weezking4FEUU
|-immune|p1a: Weezking4FEUU|[from] ability: Porous
|
|-weather|RainDance|[upkeep]
|upkeep
|turn|101
|
|t:|1653161252
|switch|p2a: Tentoxys-Defense|Tentoxys-Defense, M|62\/100 brn
|-start|p2a: Tentoxys-Defense|typechange|Psychic\/Poison|[silent]
|-ability|p2a: Tentoxys-Defense|Downpour
|move|p1a: Weezking4FEUU|Toxic||[still]
|-heal|p2a: Tentoxys-Defense|68\/100 brn|[from] ability: Downpour|[of] p1a: Weezking4FEUU
|-fail|p1a: Weezking4FEUU
|
|-weather|RainDance|[upkeep]
|-damage|p2a: Tentoxys-Defense|62\/100 brn|[from] brn
|upkeep
|turn|102
|
|t:|1653161266
|switch|p2a: Jirachonator|Jirachonator, F|87\/100
|-start|p2a: Jirachonator|typechange|Steel\/Dragon|[silent]
|switch|p1a: Gliscor 2|Glidol, F|100\/100
|-start|p1a: Gliscor 2|typechange|Ground\/Flying|[silent]
|
|-weather|RainDance|[upkeep]
|-heal|p2a: Jirachonator|93\/100|[from] item: Leftovers
|upkeep
|turn|103
|
|t:|1653161276
|switch|p2a: Avarupt|Avarupt-Mega, M|93\/100
|-start|p2a: Avarupt|typechange|Ice\/Ground|[silent]
|-start|p2a: Avarupt|typechange|Ice\/Ground|[silent]
|move|p1a: Gliscor 2|Knock Off|p2a: Avarupt
|-damage|p2a: Avarupt|85\/100
|
|-weather|none
|upkeep
|turn|104
|
|t:|1653161284
|switch|p1a: Birbsmart|Mesflame, F|66\/100 tox
|-start|p1a: Birbsmart|typechange|Fire\/Psychic|[silent]
|move|p2a: Avarupt|Earth Power|p1a: Birbsmart
|-immune|p1a: Birbsmart|[from] ability: Leviflame
|
|-damage|p1a: Birbsmart|60\/100 tox|[from] psn
|upkeep
|turn|105
|
|t:|1653161295
|switch|p1a: ND+ Cofagrigus2|Porygrigus, M|87\/100
|-start|p1a: ND+ Cofagrigus2|typechange|Normal\/Ghost|[silent]
|-activate|p1a: ND+ Cofagrigus2|ability: Pillage
|-activate|p1a: ND+ Cofagrigus2|Skill Swap|||[of] p2a: Avarupt
|-activate|p1a: ND+ Cofagrigus2|ability: Sheer Force
|-activate|p2a: Avarupt|ability: Pillage
|switch|p2a: Kyottler|Kyottler, M|100\/100
|-start|p2a: Kyottler|typechange|Water\/Bug|[silent]
|-weather|RainDance|[from] ability: Wet Bugs|[of] p2a: Kyottler
|
|-weather|RainDance|[upkeep]
|upkeep
|turn|106
|l|+ZOOMERCIDE
|
|t:|1653161306
|switch|p2a: Glidol|Glidol, F|100\/100 tox
|-start|p2a: Glidol|typechange|Ground\/Flying|[silent]
|switch|p1a: Goofy|Igglyzenta-Crowned, F|70\/100
|-start|p1a: Goofy|typechange|Fairy\/Steel|[silent]
|-ability|p1a: Goofy|Friend Shield|boost
|-boost|p1a: Goofy|def|1
|-boost|p1a: Goofy|spd|1
|
|-weather|RainDance|[upkeep]
|upkeep
|turn|107
|
|t:|1653161315
|switch|p2a: Jirachonator|Jirachonator, F|93\/100
|-start|p2a: Jirachonator|typechange|Steel\/Dragon|[silent]
|move|p1a: Goofy|Wish|p1a: Goofy
|
|-weather|RainDance|[upkeep]
|-heal|p2a: Jirachonator|99\/100|[from] item: Leftovers
|upkeep
|turn|108
|
|t:|1653161318
|move|p1a: Goofy|Play Rough|p2a: Jirachonator
|-damage|p2a: Jirachonator|75\/100
|move|p2a: Jirachonator|Stealth Rock|p1a: Goofy
|-sidestart|p1: Bobsican|move: Stealth Rock
|
|-weather|RainDance|[upkeep]
|-heal|p1a: Goofy|100\/100|[from] move: Wish|[wisher] Goofy
|-heal|p2a: Jirachonator|81\/100|[from] item: Leftovers
|upkeep
|turn|109
|
|t:|1653161324
|switch|p2a: Kyottler|Kyottler, M|100\/100
|-start|p2a: Kyottler|typechange|Water\/Bug|[silent]
|move|p1a: Goofy|Wish|p1a: Goofy
|
|-weather|none
|upkeep
|turn|110
|
|t:|1653161335
|switch|p2a: Glidol|Glidol, F|100\/100 tox
|-start|p2a: Glidol|typechange|Ground\/Flying|[silent]
|move|p1a: Goofy|Play Rough|p2a: Glidol
|-damage|p2a: Glidol|73\/100 tox
|
|-heal|p2a: Glidol|85\/100 tox|[from] ability: Feel No Pain
|upkeep
|turn|111
|
|t:|1653161354
|switch|p2a: Kyottler|Kyottler, M|100\/100
|-start|p2a: Kyottler|typechange|Water\/Bug|[silent]
|-weather|RainDance|[from] ability: Wet Bugs|[of] p2a: Kyottler
|move|p1a: Goofy|Protect||[still]
|-fail|p1a: Goofy
|
|-weather|RainDance|[upkeep]
|upkeep
|turn|112
|inactive|isocon has 270 seconds left.
|
|t:|1653161367
|move|p1a: Goofy|Protect|p1a: Goofy
|-singleturn|p1a: Goofy|Protect
|move|p2a: Kyottler|Thunder|p1a: Goofy
|-activate|p1a: Goofy|move: Protect
|
|-weather|RainDance|[upkeep]
|upkeep
|turn|113
|
|t:|1653161377
|move|p1a: Goofy|Wish|p1a: Goofy
|move|p2a: Kyottler|Thunder|p1a: Goofy
|-crit|p1a: Goofy
|-damage|p1a: Goofy|51\/100
|
|-weather|RainDance|[upkeep]
|upkeep
|turn|114
|
|t:|1653161386
|switch|p2a: Glidol|Glidol, F|85\/100 tox
|-start|p2a: Glidol|typechange|Ground\/Flying|[silent]
|move|p1a: Goofy|Play Rough|p2a: Glidol
|-damage|p2a: Glidol|57\/100 tox
|
|-weather|RainDance|[upkeep]
|-heal|p1a: Goofy|100\/100|[from] move: Wish|[wisher] Goofy
|-heal|p2a: Glidol|70\/100 tox|[from] ability: Feel No Pain
|upkeep
|turn|115
|
|t:|1653161393
|switch|p1a: Gliscor 2|Glidol, F|100\/100
|-damage|p1a: Gliscor 2|88\/100|[from] Stealth Rock
|-start|p1a: Gliscor 2|typechange|Ground\/Flying|[silent]
|move|p2a: Glidol|Roost|p2a: Glidol
|-heal|p2a: Glidol|100\/100 tox
|-singleturn|p2a: Glidol|move: Roost
|
|-weather|none
|upkeep
|turn|116
|
|t:|1653161396
|switch|p2a: Avarupt|Avarupt-Mega, M|85\/100
|-start|p2a: Avarupt|typechange|Ice\/Ground|[silent]
|-start|p2a: Avarupt|typechange|Ice\/Ground|[silent]
|move|p1a: Gliscor 2|Rapid Spin|p2a: Avarupt
|-damage|p2a: Avarupt|79\/100
|-boost|p1a: Gliscor 2|spe|1
|-sideend|p1: Bobsican|Stealth Rock|[from] move: Rapid Spin|[of] p1a: Gliscor 2
|
|upkeep
|turn|117
|
|t:|1653161405
|switch|p1a: ND+ Cofagrigus2|Porygrigus, M|87\/100
|-start|p1a: ND+ Cofagrigus2|typechange|Normal\/Ghost|[silent]
|-activate|p1a: ND+ Cofagrigus2|ability: Pillage
|-activate|p1a: ND+ Cofagrigus2|Skill Swap|||[of] p2a: Avarupt
|-activate|p1a: ND+ Cofagrigus2|ability: Sheer Force
|-activate|p2a: Avarupt|ability: Pillage
|move|p2a: Avarupt|Ice Beam|p1a: ND+ Cofagrigus2
|-damage|p1a: ND+ Cofagrigus2|39\/100
|
|upkeep
|turn|118
|inactive|isocon has 270 seconds left.
|
|t:|1653161421
|switch|p2a: Kyottler|Kyottler, M|100\/100
|-start|p2a: Kyottler|typechange|Water\/Bug|[silent]
|-weather|RainDance|[from] ability: Wet Bugs|[of] p2a: Kyottler
|move|p1a: ND+ Cofagrigus2|Recover|p1a: ND+ Cofagrigus2
|-heal|p1a: ND+ Cofagrigus2|89\/100
|
|-weather|RainDance|[upkeep]
|upkeep
|turn|119
|
|t:|1653161426
|switch|p2a: Glidol|Glidol, F|100\/100 tox
|-start|p2a: Glidol|typechange|Ground\/Flying|[silent]
|switch|p1a: Goofy|Igglyzenta-Crowned, F|100\/100
|-start|p1a: Goofy|typechange|Fairy\/Steel|[silent]
|-ability|p1a: Goofy|Friend Shield|boost
|-boost|p1a: Goofy|def|1
|-boost|p1a: Goofy|spd|1
|
|-weather|RainDance|[upkeep]
|upkeep
|turn|120
|
|t:|1653161431
|switch|p2a: Kyottler|Kyottler, M|100\/100
|-start|p2a: Kyottler|typechange|Water\/Bug|[silent]
|switch|p1a: Gliscor 2|Glidol, F|88\/100
|-start|p1a: Gliscor 2|typechange|Ground\/Flying|[silent]
|
|-weather|RainDance|[upkeep]
|upkeep
|turn|121
|
|t:|1653161437
|switch|p1a: Weezking4FEUU|Volquag, M|100\/100
|-start|p1a: Weezking4FEUU|typechange|Fire\/Water|[silent]
|move|p2a: Kyottler|Origin Pulse|p1a: Weezking4FEUU
|-immune|p1a: Weezking4FEUU|[from] ability: Porous
|
|-weather|RainDance|[upkeep]
|upkeep
|turn|122
|
|t:|1653161444
|switch|p2a: Jirachonator|Jirachonator, F|81\/100
|-start|p2a: Jirachonator|typechange|Steel\/Dragon|[silent]
|move|p1a: Weezking4FEUU|Toxic|p2a: Jirachonator
|-immune|p2a: Jirachonator
|
|-weather|none
|-heal|p2a: Jirachonator|88\/100|[from] item: Leftovers
|upkeep
|turn|123
|
|t:|1653161450
|move|p1a: Weezking4FEUU|Flamethrower|p2a: Jirachonator
|-damage|p2a: Jirachonator|67\/100
|move|p2a: Jirachonator|Stealth Rock|p1a: Weezking4FEUU
|-sidestart|p1: Bobsican|move: Stealth Rock
|
|-heal|p2a: Jirachonator|74\/100|[from] item: Leftovers
|upkeep
|turn|124
|
|t:|1653161461
|move|p2a: Jirachonator|Protect|p2a: Jirachonator
|-singleturn|p2a: Jirachonator|Protect
|move|p1a: Weezking4FEUU|Flamethrower|p2a: Jirachonator
|-activate|p2a: Jirachonator|move: Protect
|
|-heal|p2a: Jirachonator|80\/100|[from] item: Leftovers
|upkeep
|turn|125
|
|t:|1653161470
|move|p2a: Jirachonator|Draco Meteor|p1a: Weezking4FEUU
|-damage|p1a: Weezking4FEUU|60\/100
|-unboost|p2a: Jirachonator|spa|2
|move|p1a: Weezking4FEUU|Flamethrower|p2a: Jirachonator
|-damage|p2a: Jirachonator|62\/100
|
|-heal|p2a: Jirachonator|68\/100|[from] item: Leftovers
|upkeep
|turn|126
|
|t:|1653161477
|move|p2a: Jirachonator|Protect|p2a: Jirachonator
|-singleturn|p2a: Jirachonator|Protect
|move|p1a: Weezking4FEUU|Recover|p1a: Weezking4FEUU
|-heal|p1a: Weezking4FEUU|100\/100
|
|-heal|p2a: Jirachonator|74\/100|[from] item: Leftovers
|upkeep
|turn|127
|
|t:|1653161480
|switch|p2a: Tentoxys-Defense|Tentoxys-Defense, M|62\/100 brn
|-start|p2a: Tentoxys-Defense|typechange|Psychic\/Poison|[silent]
|-ability|p2a: Tentoxys-Defense|Downpour
|move|p1a: Weezking4FEUU|Flamethrower|p2a: Tentoxys-Defense
|-heal|p2a: Tentoxys-Defense|68\/100 brn|[from] ability: Downpour|[of] p1a: Weezking4FEUU
|-damage|p2a: Tentoxys-Defense|45\/100 brn
|
|-damage|p2a: Tentoxys-Defense|39\/100 brn|[from] brn
|upkeep
|turn|128
|
|t:|1653161485
|switch|p1a: Gliscor 2|Glidol, F|88\/100
|-damage|p1a: Gliscor 2|75\/100|[from] Stealth Rock
|-start|p1a: Gliscor 2|typechange|Ground\/Flying|[silent]
|move|p2a: Tentoxys-Defense|Recover|p2a: Tentoxys-Defense
|-heal|p2a: Tentoxys-Defense|89\/100 brn
|
|-damage|p2a: Tentoxys-Defense|83\/100 brn|[from] brn
|upkeep
|turn|129
|
|t:|1653161488
|switch|p2a: Avarupt|Avarupt-Mega, M|79\/100
|-start|p2a: Avarupt|typechange|Ice\/Ground|[silent]
|-start|p2a: Avarupt|typechange|Ice\/Ground|[silent]
|move|p1a: Gliscor 2|Rapid Spin|p2a: Avarupt
|-damage|p2a: Avarupt|73\/100
|-boost|p1a: Gliscor 2|spe|1
|-sideend|p1: Bobsican|Stealth Rock|[from] move: Rapid Spin|[of] p1a: Gliscor 2
|
|upkeep
|turn|130
|
|t:|1653161501
|switch|p1a: ND+ Cofagrigus2|Porygrigus, M|89\/100
|-start|p1a: ND+ Cofagrigus2|typechange|Normal\/Ghost|[silent]
|-activate|p1a: ND+ Cofagrigus2|ability: Pillage
|-activate|p1a: ND+ Cofagrigus2|Skill Swap|||[of] p2a: Avarupt
|-activate|p1a: ND+ Cofagrigus2|ability: Sheer Force
|-activate|p2a: Avarupt|ability: Pillage
|move|p2a: Avarupt|Toxic|p1a: ND+ Cofagrigus2|[miss]
|-miss|p2a: Avarupt|p1a: ND+ Cofagrigus2
|
|upkeep
|turn|131
|
|t:|1653161512
|switch|p1a: Birbsmart|Mesflame, F|60\/100 tox
|-start|p1a: Birbsmart|typechange|Fire\/Psychic|[silent]
|switch|p2a: Glidol|Glidol, F|100\/100 tox
|-start|p2a: Glidol|typechange|Ground\/Flying|[silent]
|
|-damage|p1a: Birbsmart|54\/100 tox|[from] psn
|upkeep
|turn|132
|
|t:|1653161519
|switch|p1a: ND+ Cofagrigus2|Porygrigus, M|89\/100
|-start|p1a: ND+ Cofagrigus2|typechange|Normal\/Ghost|[silent]
|-activate|p1a: ND+ Cofagrigus2|ability: Pillage
|-activate|p1a: ND+ Cofagrigus2|Skill Swap|||[of] p2a: Glidol
|-activate|p1a: ND+ Cofagrigus2|ability: Feel No Pain
|-activate|p2a: Glidol|ability: Pillage
|move|p2a: Glidol|Knock Off|p1a: ND+ Cofagrigus2
|-supereffective|p1a: ND+ Cofagrigus2
|-damage|p1a: ND+ Cofagrigus2|71\/100
|
|-damage|p2a: Glidol|88\/100 tox|[from] psn
|upkeep
|turn|133
|
|t:|1653161542
|switch|p2a: Jirachonator|Jirachonator, F|74\/100
|-start|p2a: Jirachonator|typechange|Steel\/Dragon|[silent]
|move|p1a: ND+ Cofagrigus2|Will-O-Wisp|p2a: Jirachonator
|-status|p2a: Jirachonator|brn
|
|-heal|p2a: Jirachonator|80\/100 brn|[from] item: Leftovers
|-damage|p2a: Jirachonator|74\/100 brn|[from] brn
|upkeep
|turn|134
|
|t:|1653161548
|switch|p2a: Glidol|Glidol, F|88\/100 tox
|-start|p2a: Glidol|typechange|Ground\/Flying|[silent]
|switch|p1a: Weezking4FEUU|Volquag, M|100\/100
|-start|p1a: Weezking4FEUU|typechange|Fire\/Water|[silent]
|
|-heal|p2a: Glidol|100\/100 tox|[from] ability: Feel No Pain
|upkeep
|turn|135
|inactive|isocon has 270 seconds left.
|
|t:|1653161567
|switch|p1a: ND+ Cofagrigus2|Porygrigus, M|71\/100
|-start|p1a: ND+ Cofagrigus2|typechange|Normal\/Ghost|[silent]
|-activate|p1a: ND+ Cofagrigus2|ability: Pillage
|-activate|p1a: ND+ Cofagrigus2|Skill Swap|||[of] p2a: Glidol
|-activate|p1a: ND+ Cofagrigus2|ability: Feel No Pain
|-activate|p2a: Glidol|ability: Pillage
|move|p2a: Glidol|Earthquake|p1a: ND+ Cofagrigus2
|-immune|p1a: ND+ Cofagrigus2|[from] ability: Feel No Pain
|
|-damage|p2a: Glidol|88\/100 tox|[from] psn
|upkeep
|turn|136
|inactive|isocon has 270 seconds left.
|
|t:|1653161572
|switch|p2a: Kyottler|Kyottler, M|100\/100
|-start|p2a: Kyottler|typechange|Water\/Bug|[silent]
|-weather|RainDance|[from] ability: Wet Bugs|[of] p2a: Kyottler
|move|p1a: ND+ Cofagrigus2|Recover|p1a: ND+ Cofagrigus2
|-heal|p1a: ND+ Cofagrigus2|100\/100
|
|-weather|RainDance|[upkeep]
|upkeep
|turn|137
|inactive|isocon has 270 seconds left.
|
|t:|1653161582
|switch|p2a: Glidol|Glidol, F|88\/100 tox
|-start|p2a: Glidol|typechange|Ground\/Flying|[silent]
|switch|p1a: Goofy|Igglyzenta-Crowned, F|100\/100
|-start|p1a: Goofy|typechange|Fairy\/Steel|[silent]
|-ability|p1a: Goofy|Friend Shield|boost
|-boost|p1a: Goofy|def|1
|-boost|p1a: Goofy|spd|1
|
|-weather|RainDance|[upkeep]
|-heal|p2a: Glidol|100\/100 tox|[from] ability: Feel No Pain
|upkeep
|turn|138
|
|t:|1653161586
|switch|p2a: Kyottler|Kyottler, M|100\/100
|-start|p2a: Kyottler|typechange|Water\/Bug|[silent]
|switch|p1a: ND+ Cofagrigus2|Porygrigus, M|100\/100
|-start|p1a: ND+ Cofagrigus2|typechange|Normal\/Ghost|[silent]
|-activate|p1a: ND+ Cofagrigus2|ability: Pillage
|-activate|p1a: ND+ Cofagrigus2|Skill Swap|||[of] p2a: Kyottler
|-activate|p1a: ND+ Cofagrigus2|ability: Wet Bugs
|-activate|p2a: Kyottler|ability: Pillage
|
|-weather|RainDance|[upkeep]
|upkeep
|turn|139
|
|t:|1653161594
|switch|p2a: Glidol|Glidol, F|100\/100 tox
|-start|p2a: Glidol|typechange|Ground\/Flying|[silent]
|switch|p1a: Goofy|Igglyzenta-Crowned, F|100\/100
|-start|p1a: Goofy|typechange|Fairy\/Steel|[silent]
|-ability|p1a: Goofy|Friend Shield|boost
|-boost|p1a: Goofy|def|1
|-boost|p1a: Goofy|spd|1
|
|-weather|RainDance|[upkeep]
|upkeep
|turn|140
|
|t:|1653161600
|switch|p2a: Kyottler|Kyottler, M|100\/100
|-start|p2a: Kyottler|typechange|Water\/Bug|[silent]
|move|p1a: Goofy|Wish|p1a: Goofy
|
|-weather|none
|upkeep
|turn|141
|inactive|isocon has 270 seconds left.
|
|t:|1653161625
|switch|p1a: Weezking4FEUU|Volquag, M|100\/100
|-start|p1a: Weezking4FEUU|typechange|Fire\/Water|[silent]
|move|p2a: Kyottler|Origin Pulse|p1a: Weezking4FEUU
|-immune|p1a: Weezking4FEUU|[from] ability: Porous
|
|upkeep
|turn|142
|
|t:|1653161637
|switch|p2a: Tentoxys-Defense|Tentoxys-Defense, M|83\/100 brn
|-start|p2a: Tentoxys-Defense|typechange|Psychic\/Poison|[silent]
|-ability|p2a: Tentoxys-Defense|Downpour
|move|p1a: Weezking4FEUU|Flamethrower|p2a: Tentoxys-Defense
|-heal|p2a: Tentoxys-Defense|89\/100 brn|[from] ability: Downpour|[of] p1a: Weezking4FEUU
|-damage|p2a: Tentoxys-Defense|67\/100 brn
|
|-damage|p2a: Tentoxys-Defense|61\/100 brn|[from] brn
|upkeep
|turn|143
|
|t:|1653161651
|switch|p1a: ND+ Cofagrigus2|Porygrigus, M|100\/100
|-start|p1a: ND+ Cofagrigus2|typechange|Normal\/Ghost|[silent]
|-ability|p1a: ND+ Cofagrigus2|Downpour
|-activate|p1a: ND+ Cofagrigus2|ability: Pillage
|-activate|p1a: ND+ Cofagrigus2|Skill Swap|||[of] p2a: Tentoxys-Defense
|-activate|p1a: ND+ Cofagrigus2|ability: Downpour
|-activate|p2a: Tentoxys-Defense|ability: Pillage
|move|p2a: Tentoxys-Defense|Sludge Bomb|p1a: ND+ Cofagrigus2
|-resisted|p1a: ND+ Cofagrigus2
|-damage|p1a: ND+ Cofagrigus2|80\/100
|-status|p1a: ND+ Cofagrigus2|psn
|
|-damage|p2a: Tentoxys-Defense|55\/100 brn|[from] brn
|-damage|p1a: ND+ Cofagrigus2|68\/100 psn|[from] psn
|upkeep
|turn|144
|
|t:|1653161664
|switch|p2a: Glidol|Glidol, F|100\/100 tox
|-start|p2a: Glidol|typechange|Ground\/Flying|[silent]
|switch|p1a: Gliscor 2|Glidol, F|75\/100
|-start|p1a: Gliscor 2|typechange|Ground\/Flying|[silent]
|
|upkeep
|turn|145
|
|t:|1653161669
|switch|p2a: Avarupt|Avarupt-Mega, M|73\/100
|-start|p2a: Avarupt|typechange|Ice\/Ground|[silent]
|-start|p2a: Avarupt|typechange|Ice\/Ground|[silent]
|move|p1a: Gliscor 2|Earthquake|p2a: Avarupt
|-damage|p2a: Avarupt|54\/100
|
|upkeep
|turn|146
|
|t:|1653161685
|switch|p1a: Birbsmart|Mesflame, F|54\/100 tox
|-start|p1a: Birbsmart|typechange|Fire\/Psychic|[silent]
|move|p2a: Avarupt|Recover|p2a: Avarupt
|-heal|p2a: Avarupt|100\/100
|
|-damage|p1a: Birbsmart|47\/100 tox|[from] psn
|upkeep
|turn|147
|
|t:|1653161692
|switch|p2a: Glidol|Glidol, F|100\/100 tox
|-start|p2a: Glidol|typechange|Ground\/Flying|[silent]
|move|p1a: Birbsmart|Roost|p1a: Birbsmart
|-heal|p1a: Birbsmart|97\/100 tox
|-singleturn|p1a: Birbsmart|move: Roost
|
|-damage|p1a: Birbsmart|85\/100 tox|[from] psn
|upkeep
|turn|148
|inactive|isocon has 240 seconds left.
|
|t:|1653161713
|switch|p2a: Kyottler|Kyottler, M|100\/100
|-start|p2a: Kyottler|typechange|Water\/Bug|[silent]
|-weather|RainDance|[from] ability: Wet Bugs|[of] p2a: Kyottler
|move|p1a: Birbsmart|Overheat|p2a: Kyottler
|-damage|p2a: Kyottler|83\/100
|-unboost|p1a: Birbsmart|spa|2
|
|-weather|RainDance|[upkeep]
|-heal|p2a: Kyottler|89\/100|[from] item: Leftovers
|-damage|p1a: Birbsmart|67\/100 tox|[from] psn
|upkeep
|turn|149
|
|t:|1653161723
|switch|p1a: Weezking4FEUU|Volquag, M|100\/100
|-start|p1a: Weezking4FEUU|typechange|Fire\/Water|[silent]
|move|p2a: Kyottler|Thunder|p1a: Weezking4FEUU
|-supereffective|p1a: Weezking4FEUU
|-damage|p1a: Weezking4FEUU|49\/100
|
|-weather|RainDance|[upkeep]
|-heal|p2a: Kyottler|95\/100|[from] item: Leftovers
|upkeep
|turn|150
|
|t:|1653161733
|switch|p1a: Goofy|Igglyzenta-Crowned, F|100\/100
|-start|p1a: Goofy|typechange|Fairy\/Steel|[silent]
|-ability|p1a: Goofy|Friend Shield|boost
|-boost|p1a: Goofy|def|1
|-boost|p1a: Goofy|spd|1
|move|p2a: Kyottler|Thunder|p1a: Goofy
|-damage|p1a: Goofy|78\/100
|
|-weather|RainDance|[upkeep]
|-heal|p2a: Kyottler|100\/100|[from] item: Leftovers
|upkeep
|turn|151
|inactive|isocon has 210 seconds left.
|
|t:|1653161759
|switch|p2a: Glidol|Glidol, F|100\/100 tox
|-start|p2a: Glidol|typechange|Ground\/Flying|[silent]
|move|p1a: Goofy|Wish|p1a: Goofy
|
|-weather|RainDance|[upkeep]
|upkeep
|turn|152
|
|t:|1653161768
|switch|p2a: Kyottler|Kyottler, M|100\/100
|-start|p2a: Kyottler|typechange|Water\/Bug|[silent]
|switch|p1a: ND+ Cofagrigus2|Porygrigus, M|68\/100 psn
|-start|p1a: ND+ Cofagrigus2|typechange|Normal\/Ghost|[silent]
|-activate|p1a: ND+ Cofagrigus2|ability: Pillage
|-activate|p1a: ND+ Cofagrigus2|Skill Swap|||[of] p2a: Kyottler
|-activate|p1a: ND+ Cofagrigus2|ability: Wet Bugs
|-activate|p2a: Kyottler|ability: Pillage
|
|-weather|none
|-heal|p1a: ND+ Cofagrigus2|100\/100 psn|[from] move: Wish|[wisher] Goofy
|-damage|p1a: ND+ Cofagrigus2|88\/100 psn|[from] psn
|upkeep
|turn|153
|
|t:|1653161775
|switch|p2a: Glidol|Glidol, F|100\/100 tox
|-start|p2a: Glidol|typechange|Ground\/Flying|[silent]
|switch|p1a: Weezking4FEUU|Volquag, M|49\/100
|-start|p1a: Weezking4FEUU|typechange|Fire\/Water|[silent]
|
|upkeep
|turn|154
|
|t:|1653161781
|switch|p1a: Gliscor 2|Glidol, F|75\/100
|-start|p1a: Gliscor 2|typechange|Ground\/Flying|[silent]
|move|p2a: Glidol|Earthquake|p1a: Gliscor 2
|-immune|p1a: Gliscor 2|[from] ability: Feel No Pain
|
|upkeep
|turn|155
|
|t:|1653161787
|switch|p2a: Avarupt|Avarupt-Mega, M|100\/100
|-start|p2a: Avarupt|typechange|Ice\/Ground|[silent]
|-start|p2a: Avarupt|typechange|Ice\/Ground|[silent]
|move|p1a: Gliscor 2|Earthquake|p2a: Avarupt
|-damage|p2a: Avarupt|80\/100
|
|upkeep
|turn|156
|j|+Squawkerz
|
|t:|1653161794
|switch|p1a: Birbsmart|Mesflame, F|67\/100 tox
|-start|p1a: Birbsmart|typechange|Fire\/Psychic|[silent]
|move|p2a: Avarupt|Ice Beam|p1a: Birbsmart
|-resisted|p1a: Birbsmart
|-damage|p1a: Birbsmart|42\/100 tox
|
|-damage|p1a: Birbsmart|36\/100 tox|[from] psn
|upkeep
|turn|157
|
|t:|1653161799
|switch|p2a: Glidol|Glidol, F|100\/100 tox
|-start|p2a: Glidol|typechange|Ground\/Flying|[silent]
|move|p1a: Birbsmart|Roost|p1a: Birbsmart
|-heal|p1a: Birbsmart|86\/100 tox
|-singleturn|p1a: Birbsmart|move: Roost
|
|-damage|p1a: Birbsmart|74\/100 tox|[from] psn
|upkeep
|turn|158
|
|t:|1653161806
|switch|p2a: Kyottler|Kyottler, M|100\/100
|-start|p2a: Kyottler|typechange|Water\/Bug|[silent]
|-weather|RainDance|[from] ability: Wet Bugs|[of] p2a: Kyottler
|switch|p1a: Gliscor 2|Glidol, F|75\/100
|-start|p1a: Gliscor 2|typechange|Ground\/Flying|[silent]
|
|-weather|RainDance|[upkeep]
|upkeep
|turn|159
|
|t:|1653161811
|switch|p1a: Goofy|Igglyzenta-Crowned, F|78\/100
|-start|p1a: Goofy|typechange|Fairy\/Steel|[silent]
|-ability|p1a: Goofy|Friend Shield|boost
|-boost|p1a: Goofy|def|1
|-boost|p1a: Goofy|spd|1
|switch|p2a: Avarupt|Avarupt-Mega, M|80\/100
|-start|p2a: Avarupt|typechange|Ice\/Ground|[silent]
|-start|p2a: Avarupt|typechange|Ice\/Ground|[silent]
|
|-weather|RainDance|[upkeep]
|upkeep
|turn|160
|
|t:|1653161815
|switch|p2a: Glidol|Glidol, F|100\/100 tox
|-start|p2a: Glidol|typechange|Ground\/Flying|[silent]
|move|p1a: Goofy|Protect||[still]
|-fail|p1a: Goofy
|
|-weather|RainDance|[upkeep]
|upkeep
|turn|161
|
|t:|1653161819
|switch|p2a: Kyottler|Kyottler, M|100\/100
|-start|p2a: Kyottler|typechange|Water\/Bug|[silent]
|move|p1a: Goofy|Wish|p1a: Goofy
|
|-weather|RainDance|[upkeep]
|upkeep
|turn|162
|
|t:|1653161824
|switch|p2a: Glidol|Glidol, F|100\/100 tox
|-start|p2a: Glidol|typechange|Ground\/Flying|[silent]
|move|p1a: Goofy|Play Rough|p2a: Glidol
|-damage|p2a: Glidol|72\/100 tox
|
|-weather|none
|-heal|p1a: Goofy|100\/100|[from] move: Wish|[wisher] Goofy
|-heal|p2a: Glidol|85\/100 tox|[from] ability: Feel No Pain
|upkeep
|turn|163
|
|t:|1653161827
|switch|p2a: Kyottler|Kyottler, M|100\/100
|-start|p2a: Kyottler|typechange|Water\/Bug|[silent]
|-weather|RainDance|[from] ability: Wet Bugs|[of] p2a: Kyottler
|move|p1a: Goofy|Wish|p1a: Goofy
|
|-weather|RainDance|[upkeep]
|upkeep
|turn|164
|inactive|isocon has 240 seconds left.
|
|t:|1653161842
|move|p2a: Kyottler|Origin Pulse|p1a: Goofy
|-damage|p1a: Goofy|54\/100
|move|p1a: Goofy|Play Rough|p2a: Kyottler
|-damage|p2a: Kyottler|66\/100
|
|-weather|RainDance|[upkeep]
|-heal|p1a: Goofy|100\/100|[from] move: Wish|[wisher] Goofy
|-heal|p2a: Kyottler|72\/100|[from] item: Leftovers
|upkeep
|turn|165
|inactive|isocon has 240 seconds left.
|
|t:|1653161847
|switch|p2a: Glidol|Glidol, F|85\/100 tox
|-start|p2a: Glidol|typechange|Ground\/Flying|[silent]
|move|p1a: Goofy|Wish|p1a: Goofy
|
|-weather|RainDance|[upkeep]
|-heal|p2a: Glidol|97\/100 tox|[from] ability: Feel No Pain
|upkeep
|turn|166
|
|t:|1653161851
|switch|p2a: Kyottler|Kyottler, M|72\/100
|-start|p2a: Kyottler|typechange|Water\/Bug|[silent]
|switch|p1a: Weezking4FEUU|Volquag, M|49\/100
|-start|p1a: Weezking4FEUU|typechange|Fire\/Water|[silent]
|
|-weather|RainDance|[upkeep]
|-heal|p1a: Weezking4FEUU|100\/100|[from] move: Wish|[wisher] Goofy
|-heal|p2a: Kyottler|78\/100|[from] item: Leftovers
|upkeep
|turn|167
|inactive|isocon has 240 seconds left.
|
|t:|1653161866
|switch|p2a: Tentoxys-Defense|Tentoxys-Defense, M|55\/100 brn
|-start|p2a: Tentoxys-Defense|typechange|Psychic\/Poison|[silent]
|-ability|p2a: Tentoxys-Defense|Downpour
|move|p1a: Weezking4FEUU|Toxic||[still]
|-heal|p2a: Tentoxys-Defense|61\/100 brn|[from] ability: Downpour|[of] p1a: Weezking4FEUU
|-fail|p1a: Weezking4FEUU
|
|-weather|none
|-damage|p2a: Tentoxys-Defense|55\/100 brn|[from] brn
|upkeep
|turn|168
|
|t:|1653161876
|switch|p1a: Gliscor 2|Glidol, F|75\/100
|-start|p1a: Gliscor 2|typechange|Ground\/Flying|[silent]
|move|p2a: Tentoxys-Defense|Spikes|p1a: Gliscor 2
|-sidestart|p1: Bobsican|Spikes
|
|-damage|p2a: Tentoxys-Defense|49\/100 brn|[from] brn
|upkeep
|turn|169
|
|t:|1653161882
|switch|p2a: Avarupt|Avarupt-Mega, M|80\/100
|-start|p2a: Avarupt|typechange|Ice\/Ground|[silent]
|-start|p2a: Avarupt|typechange|Ice\/Ground|[silent]
|move|p1a: Gliscor 2|Rapid Spin|p2a: Avarupt
|-damage|p2a: Avarupt|75\/100
|-boost|p1a: Gliscor 2|spe|1
|-sideend|p1: Bobsican|Spikes|[from] move: Rapid Spin|[of] p1a: Gliscor 2
|
|upkeep
|turn|170
|
|t:|1653161887
|switch|p1a: Birbsmart|Mesflame, F|74\/100 tox
|-start|p1a: Birbsmart|typechange|Fire\/Psychic|[silent]
|move|p2a: Avarupt|Ice Beam|p1a: Birbsmart
|-resisted|p1a: Birbsmart
|-damage|p1a: Birbsmart|48\/100 tox
|
|-damage|p1a: Birbsmart|42\/100 tox|[from] psn
|upkeep
|turn|171
|
|t:|1653161896
|switch|p2a: Kyottler|Kyottler, M|78\/100
|-start|p2a: Kyottler|typechange|Water\/Bug|[silent]
|-weather|RainDance|[from] ability: Wet Bugs|[of] p2a: Kyottler
|move|p1a: Birbsmart|Roost|p1a: Birbsmart
|-heal|p1a: Birbsmart|92\/100 tox
|-singleturn|p1a: Birbsmart|move: Roost
|
|-weather|RainDance|[upkeep]
|-heal|p2a: Kyottler|85\/100|[from] item: Leftovers
|-damage|p1a: Birbsmart|80\/100 tox|[from] psn
|upkeep
|turn|172
|
|t:|1653161903
|switch|p1a: Weezking4FEUU|Volquag, M|100\/100
|-start|p1a: Weezking4FEUU|typechange|Fire\/Water|[silent]
|switch|p2a: Glidol|Glidol, F|97\/100 tox
|-start|p2a: Glidol|typechange|Ground\/Flying|[silent]
|
|-weather|RainDance|[upkeep]
|-heal|p2a: Glidol|100\/100 tox|[from] ability: Feel No Pain
|upkeep
|turn|173
|
|t:|1653161909
|switch|p2a: Jirachonator|Jirachonator, F|74\/100 brn
|-start|p2a: Jirachonator|typechange|Steel\/Dragon|[silent]
|switch|p1a: Gliscor 2|Glidol, F|75\/100
|-start|p1a: Gliscor 2|typechange|Ground\/Flying|[silent]
|
|-weather|RainDance|[upkeep]
|-heal|p2a: Jirachonator|80\/100 brn|[from] item: Leftovers
|-damage|p2a: Jirachonator|74\/100 brn|[from] brn
|upkeep
|turn|174
|
|t:|1653161914
|switch|p1a: Goofy|Igglyzenta-Crowned, F|100\/100
|-start|p1a: Goofy|typechange|Fairy\/Steel|[silent]
|-ability|p1a: Goofy|Friend Shield|boost
|-boost|p1a: Goofy|def|1
|-boost|p1a: Goofy|spd|1
|switch|p2a: Avarupt|Avarupt-Mega, M|75\/100
|-start|p2a: Avarupt|typechange|Ice\/Ground|[silent]
|-start|p2a: Avarupt|typechange|Ice\/Ground|[silent]
|
|-weather|RainDance|[upkeep]
|upkeep
|turn|175
|
|t:|1653161921
|switch|p2a: Glidol|Glidol, F|100\/100 tox
|-start|p2a: Glidol|typechange|Ground\/Flying|[silent]
|move|p1a: Goofy|Behemoth Bash|p2a: Glidol
|-damage|p2a: Glidol|73\/100 tox
|
|-weather|none
|-heal|p2a: Glidol|85\/100 tox|[from] ability: Feel No Pain
|upkeep
|turn|176
|
|t:|1653161928
|switch|p2a: Kyottler|Kyottler, M|85\/100
|-start|p2a: Kyottler|typechange|Water\/Bug|[silent]
|-weather|RainDance|[from] ability: Wet Bugs|[of] p2a: Kyottler
|switch|p1a: Gliscor 2|Glidol, F|75\/100
|-start|p1a: Gliscor 2|typechange|Ground\/Flying|[silent]
|
|-weather|RainDance|[upkeep]
|-heal|p2a: Kyottler|91\/100|[from] item: Leftovers
|upkeep
|turn|177
|
|t:|1653161933
|switch|p1a: Goofy|Igglyzenta-Crowned, F|100\/100
|-start|p1a: Goofy|typechange|Fairy\/Steel|[silent]
|-ability|p1a: Goofy|Friend Shield|boost
|-boost|p1a: Goofy|def|1
|-boost|p1a: Goofy|spd|1
|switch|p2a: Avarupt|Avarupt-Mega, M|75\/100
|-start|p2a: Avarupt|typechange|Ice\/Ground|[silent]
|-start|p2a: Avarupt|typechange|Ice\/Ground|[silent]
|
|-weather|RainDance|[upkeep]
|upkeep
|turn|178
|
|t:|1653161939
|switch|p2a: Glidol|Glidol, F|85\/100 tox
|-start|p2a: Glidol|typechange|Ground\/Flying|[silent]
|move|p1a: Goofy|Protect||[still]
|-fail|p1a: Goofy
|
|-weather|RainDance|[upkeep]
|-heal|p2a: Glidol|98\/100 tox|[from] ability: Feel No Pain
|upkeep
|turn|179
|l|+G-Luke
|
|t:|1653161943
|switch|p2a: Kyottler|Kyottler, M|91\/100
|-start|p2a: Kyottler|typechange|Water\/Bug|[silent]
|move|p1a: Goofy|Behemoth Bash|p2a: Kyottler
|-resisted|p2a: Kyottler
|-damage|p2a: Kyottler|73\/100
|
|-weather|RainDance|[upkeep]
|-heal|p2a: Kyottler|79\/100|[from] item: Leftovers
|upkeep
|turn|180
|
|t:|1653161947
|switch|p2a: Glidol|Glidol, F|98\/100 tox
|-start|p2a: Glidol|typechange|Ground\/Flying|[silent]
|move|p1a: Goofy|Play Rough|p2a: Glidol
|-damage|p2a: Glidol|69\/100 tox
|
|-weather|none
|-heal|p2a: Glidol|82\/100 tox|[from] ability: Feel No Pain
|upkeep
|turn|181
|
|t:|1653161952
|switch|p2a: Kyottler|Kyottler, M|79\/100
|-start|p2a: Kyottler|typechange|Water\/Bug|[silent]
|-weather|RainDance|[from] ability: Wet Bugs|[of] p2a: Kyottler
|switch|p1a: Weezking4FEUU|Volquag, M|100\/100
|-start|p1a: Weezking4FEUU|typechange|Fire\/Water|[silent]
|
|-weather|RainDance|[upkeep]
|-heal|p2a: Kyottler|85\/100|[from] item: Leftovers
|upkeep
|turn|182
|
|t:|1653161959
|switch|p2a: Tentoxys-Defense|Tentoxys-Defense, M|49\/100 brn
|-start|p2a: Tentoxys-Defense|typechange|Psychic\/Poison|[silent]
|-ability|p2a: Tentoxys-Defense|Downpour
|move|p1a: Weezking4FEUU|Scald|p2a: Tentoxys-Defense
|-heal|p2a: Tentoxys-Defense|55\/100 brn|[from] ability: Downpour|[of] p1a: Weezking4FEUU
|-damage|p2a: Tentoxys-Defense|24\/100 brn
|
|-weather|RainDance|[upkeep]
|-damage|p2a: Tentoxys-Defense|18\/100 brn|[from] brn
|upkeep
|turn|183
|
|t:|1653161962
|move|p2a: Tentoxys-Defense|Recover|p2a: Tentoxys-Defense
|-heal|p2a: Tentoxys-Defense|68\/100 brn
|move|p1a: Weezking4FEUU|Scald|p2a: Tentoxys-Defense
|-heal|p2a: Tentoxys-Defense|74\/100 brn|[from] ability: Downpour|[of] p1a: Weezking4FEUU
|-damage|p2a: Tentoxys-Defense|40\/100 brn
|
|-weather|RainDance|[upkeep]
|-damage|p2a: Tentoxys-Defense|34\/100 brn|[from] brn
|upkeep
|turn|184
|
|t:|1653161966
|switch|p1a: Gliscor 2|Glidol, F|75\/100
|-start|p1a: Gliscor 2|typechange|Ground\/Flying|[silent]
|move|p2a: Tentoxys-Defense|Recover|p2a: Tentoxys-Defense
|-heal|p2a: Tentoxys-Defense|84\/100 brn
|
|-weather|RainDance|[upkeep]
|-damage|p2a: Tentoxys-Defense|78\/100 brn|[from] brn
|upkeep
|turn|185
|
|t:|1653161968
|switch|p2a: Avarupt|Avarupt-Mega, M|75\/100
|-start|p2a: Avarupt|typechange|Ice\/Ground|[silent]
|-start|p2a: Avarupt|typechange|Ice\/Ground|[silent]
|move|p1a: Gliscor 2|Earthquake|p2a: Avarupt
|-damage|p2a: Avarupt|57\/100
|
|-weather|none
|upkeep
|turn|186
|
|t:|1653161971
|switch|p1a: Birbsmart|Mesflame, F|80\/100 tox
|-start|p1a: Birbsmart|typechange|Fire\/Psychic|[silent]
|move|p2a: Avarupt|Recover|p2a: Avarupt
|-heal|p2a: Avarupt|100\/100
|
|-damage|p1a: Birbsmart|74\/100 tox|[from] psn
|upkeep
|turn|187
|
|t:|1653161976
|switch|p2a: Kyottler|Kyottler, M|85\/100
|-start|p2a: Kyottler|typechange|Water\/Bug|[silent]
|-weather|RainDance|[from] ability: Wet Bugs|[of] p2a: Kyottler
|move|p1a: Birbsmart|Psychic|p2a: Kyottler
|-damage|p2a: Kyottler|59\/100
|
|-weather|RainDance|[upkeep]
|-heal|p2a: Kyottler|65\/100|[from] item: Leftovers
|-damage|p1a: Birbsmart|61\/100 tox|[from] psn
|upkeep
|turn|188
|
|t:|1653161983
|switch|p1a: Goofy|Igglyzenta-Crowned, F|100\/100
|-start|p1a: Goofy|typechange|Fairy\/Steel|[silent]
|-ability|p1a: Goofy|Friend Shield|boost
|-boost|p1a: Goofy|def|1
|-boost|p1a: Goofy|spd|1
|move|p2a: Kyottler|Recover|p2a: Kyottler
|-heal|p2a: Kyottler|100\/100
|
|-weather|RainDance|[upkeep]
|upkeep
|turn|189
|
|t:|1653161988
|switch|p1a: Weezking4FEUU|Volquag, M|100\/100
|-start|p1a: Weezking4FEUU|typechange|Fire\/Water|[silent]
|switch|p2a: Glidol|Glidol, F|82\/100 tox
|-start|p2a: Glidol|typechange|Ground\/Flying|[silent]
|
|-weather|RainDance|[upkeep]
|-heal|p2a: Glidol|94\/100 tox|[from] ability: Feel No Pain
|upkeep
|turn|190
|
|t:|1653161998
|switch|p2a: Jirachonator|Jirachonator, F|74\/100 brn
|-start|p2a: Jirachonator|typechange|Steel\/Dragon|[silent]
|move|p1a: Weezking4FEUU|Scald|p2a: Jirachonator
|-resisted|p2a: Jirachonator
|-damage|p2a: Jirachonator|62\/100 brn
|
|-weather|RainDance|[upkeep]
|-heal|p2a: Jirachonator|68\/100 brn|[from] item: Leftovers
|-damage|p2a: Jirachonator|62\/100 brn|[from] brn
|upkeep
|turn|191
|
|t:|1653162003
|move|p2a: Jirachonator|Stealth Rock|p1a: Weezking4FEUU
|-sidestart|p1: Bobsican|move: Stealth Rock
|move|p1a: Weezking4FEUU|Scald|p2a: Jirachonator
|-resisted|p2a: Jirachonator
|-damage|p2a: Jirachonator|49\/100 brn
|
|-weather|none
|-heal|p2a: Jirachonator|55\/100 brn|[from] item: Leftovers
|-damage|p2a: Jirachonator|49\/100 brn|[from] brn
|upkeep
|turn|192
|
|t:|1653162007
|move|p2a: Jirachonator|Draco Meteor|p1a: Weezking4FEUU
|-damage|p1a: Weezking4FEUU|63\/100
|-unboost|p2a: Jirachonator|spa|2
|move|p1a: Weezking4FEUU|Scald|p2a: Jirachonator
|-resisted|p2a: Jirachonator
|-damage|p2a: Jirachonator|41\/100 brn
|
|-heal|p2a: Jirachonator|47\/100 brn|[from] item: Leftovers
|-damage|p2a: Jirachonator|41\/100 brn|[from] brn
|upkeep
|turn|193
|
|t:|1653162013
|switch|p2a: Glidol|Glidol, F|94\/100 tox
|-start|p2a: Glidol|typechange|Ground\/Flying|[silent]
|move|p1a: Weezking4FEUU|Recover|p1a: Weezking4FEUU
|-heal|p1a: Weezking4FEUU|100\/100
|
|-heal|p2a: Glidol|100\/100 tox|[from] ability: Feel No Pain
|upkeep
|turn|194
|
|t:|1653162021
|switch|p2a: Tentoxys-Defense|Tentoxys-Defense, M|78\/100 brn
|-start|p2a: Tentoxys-Defense|typechange|Psychic\/Poison|[silent]
|-ability|p2a: Tentoxys-Defense|Downpour
|move|p1a: Weezking4FEUU|Scald|p2a: Tentoxys-Defense
|-heal|p2a: Tentoxys-Defense|84\/100 brn|[from] ability: Downpour|[of] p1a: Weezking4FEUU
|-damage|p2a: Tentoxys-Defense|63\/100 brn
|
|-damage|p2a: Tentoxys-Defense|57\/100 brn|[from] brn
|upkeep
|turn|195
|
|t:|1653162034
|switch|p1a: Gliscor 2|Glidol, F|75\/100
|-damage|p1a: Gliscor 2|63\/100|[from] Stealth Rock
|-start|p1a: Gliscor 2|typechange|Ground\/Flying|[silent]
|move|p2a: Tentoxys-Defense|Sludge Bomb|p1a: Gliscor 2
|-resisted|p1a: Gliscor 2
|-damage|p1a: Gliscor 2|43\/100
|
|-damage|p2a: Tentoxys-Defense|51\/100 brn|[from] brn
|upkeep
|turn|196
|
|t:|1653162040
|switch|p2a: Avarupt|Avarupt-Mega, M|100\/100
|-start|p2a: Avarupt|typechange|Ice\/Ground|[silent]
|-start|p2a: Avarupt|typechange|Ice\/Ground|[silent]
|move|p1a: Gliscor 2|Roost|p1a: Gliscor 2
|-heal|p1a: Gliscor 2|93\/100
|-singleturn|p1a: Gliscor 2|move: Roost
|
|upkeep
|turn|197
|
|t:|1653162046
|switch|p1a: Birbsmart|Mesflame, F|61\/100 tox
|-damage|p1a: Birbsmart|37\/100 tox|[from] Stealth Rock
|-start|p1a: Birbsmart|typechange|Fire\/Psychic|[silent]
|move|p2a: Avarupt|Ice Beam|p1a: Birbsmart
|-resisted|p1a: Birbsmart
|-damage|p1a: Birbsmart|9\/100 tox
|
|-damage|p1a: Birbsmart|3\/100 tox|[from] psn
|upkeep
|turn|198
|inactive|isocon has 270 seconds left.
|
|t:|1653162075
|switch|p2a: Kyottler|Kyottler, M|100\/100
|-start|p2a: Kyottler|typechange|Water\/Bug|[silent]
|-weather|RainDance|[from] ability: Wet Bugs|[of] p2a: Kyottler
|move|p1a: Birbsmart|Roost|p1a: Birbsmart
|-heal|p1a: Birbsmart|53\/100 tox
|-singleturn|p1a: Birbsmart|move: Roost
|
|-weather|RainDance|[upkeep]
|-damage|p1a: Birbsmart|41\/100 tox|[from] psn
|upkeep
|turn|199
|inactive|isocon has 270 seconds left.
|
|t:|1653162081
|switch|p1a: Weezking4FEUU|Volquag, M|100\/100
|-start|p1a: Weezking4FEUU|typechange|Fire\/Water|[silent]
|-damage|p1a: Weezking4FEUU|76\/100|[from] Stealth Rock
|switch|p2a: Glidol|Glidol, F|100\/100 tox
|-start|p2a: Glidol|typechange|Ground\/Flying|[silent]
|
|-weather|RainDance|[upkeep]
|upkeep
|turn|200
|
|t:|1653162087
|switch|p2a: Tentoxys-Defense|Tentoxys-Defense, M|51\/100 brn
|-start|p2a: Tentoxys-Defense|typechange|Psychic\/Poison|[silent]
|-ability|p2a: Tentoxys-Defense|Downpour
|move|p1a: Weezking4FEUU|Scald|p2a: Tentoxys-Defense
|-heal|p2a: Tentoxys-Defense|57\/100 brn|[from] ability: Downpour|[of] p1a: Weezking4FEUU
|-damage|p2a: Tentoxys-Defense|27\/100 brn
|
|-weather|RainDance|[upkeep]
|-damage|p2a: Tentoxys-Defense|21\/100 brn|[from] brn
|upkeep
|turn|201
|
|t:|1653162093
|switch|p1a: Gliscor 2|Glidol, F|93\/100
|-damage|p1a: Gliscor 2|81\/100|[from] Stealth Rock
|-start|p1a: Gliscor 2|typechange|Ground\/Flying|[silent]
|move|p2a: Tentoxys-Defense|Recover|p2a: Tentoxys-Defense
|-heal|p2a: Tentoxys-Defense|71\/100 brn
|
|-weather|RainDance|[upkeep]
|-damage|p2a: Tentoxys-Defense|65\/100 brn|[from] brn
|upkeep
|turn|202
|
|t:|1653162096
|switch|p2a: Avarupt|Avarupt-Mega, M|100\/100
|-start|p2a: Avarupt|typechange|Ice\/Ground|[silent]
|-start|p2a: Avarupt|typechange|Ice\/Ground|[silent]
|move|p1a: Gliscor 2|Rapid Spin|p2a: Avarupt
|-damage|p2a: Avarupt|94\/100
|-boost|p1a: Gliscor 2|spe|1
|-sideend|p1: Bobsican|Stealth Rock|[from] move: Rapid Spin|[of] p1a: Gliscor 2
|
|-weather|none
|upkeep
|turn|203
|inactive|isocon has 270 seconds left.
|
|t:|1653162101
|switch|p1a: Birbsmart|Mesflame, F|41\/100 tox
|-start|p1a: Birbsmart|typechange|Fire\/Psychic|[silent]
|move|p2a: Avarupt|Ice Beam|p1a: Birbsmart
|-resisted|p1a: Birbsmart
|-damage|p1a: Birbsmart|15\/100 tox
|
|-damage|p1a: Birbsmart|9\/100 tox|[from] psn
|upkeep
|turn|204
|
|t:|1653162107
|switch|p2a: Kyottler|Kyottler, M|100\/100
|-start|p2a: Kyottler|typechange|Water\/Bug|[silent]
|-weather|RainDance|[from] ability: Wet Bugs|[of] p2a: Kyottler
|move|p1a: Birbsmart|Roost|p1a: Birbsmart
|-heal|p1a: Birbsmart|59\/100 tox
|-singleturn|p1a: Birbsmart|move: Roost
|
|-weather|RainDance|[upkeep]
|-damage|p1a: Birbsmart|47\/100 tox|[from] psn
|upkeep
|turn|205
|
|t:|1653162118
|switch|p1a: Goofy|Igglyzenta-Crowned, F|100\/100
|-start|p1a: Goofy|typechange|Fairy\/Steel|[silent]
|-ability|p1a: Goofy|Friend Shield|boost
|-boost|p1a: Goofy|def|1
|-boost|p1a: Goofy|spd|1
|move|p2a: Kyottler|Thunder|p1a: Goofy
|-damage|p1a: Goofy|78\/100
|
|-weather|RainDance|[upkeep]
|upkeep
|turn|206
|
|t:|1653162125
|switch|p2a: Glidol|Glidol, F|100\/100 tox
|-start|p2a: Glidol|typechange|Ground\/Flying|[silent]
|switch|p1a: Weezking4FEUU|Volquag, M|76\/100
|-start|p1a: Weezking4FEUU|typechange|Fire\/Water|[silent]
|
|-weather|RainDance|[upkeep]
|upkeep
|turn|207
|
|t:|1653162134
|switch|p2a: Tentoxys-Defense|Tentoxys-Defense, M|65\/100 brn
|-start|p2a: Tentoxys-Defense|typechange|Psychic\/Poison|[silent]
|-ability|p2a: Tentoxys-Defense|Downpour
|switch|p1a: Gliscor 2|Glidol, F|81\/100
|-start|p1a: Gliscor 2|typechange|Ground\/Flying|[silent]
|
|-weather|RainDance|[upkeep]
|-damage|p2a: Tentoxys-Defense|59\/100 brn|[from] brn
|upkeep
|turn|208
|
|t:|1653162138
|switch|p2a: Avarupt|Avarupt-Mega, M|94\/100
|-start|p2a: Avarupt|typechange|Ice\/Ground|[silent]
|-start|p2a: Avarupt|typechange|Ice\/Ground|[silent]
|move|p1a: Gliscor 2|Earthquake|p2a: Avarupt
|-damage|p2a: Avarupt|77\/100
|
|-weather|none
|upkeep
|turn|209
|inactive|isocon has 240 seconds left.
|
|t:|1653162162
|switch|p1a: Birbsmart|Mesflame, F|47\/100 tox
|-start|p1a: Birbsmart|typechange|Fire\/Psychic|[silent]
|switch|p2a: Glidol|Glidol, F|100\/100 tox
|-start|p2a: Glidol|typechange|Ground\/Flying|[silent]
|
|-damage|p1a: Birbsmart|41\/100 tox|[from] psn
|upkeep
|turn|210
|
|t:|1653162169
|switch|p2a: Kyottler|Kyottler, M|100\/100
|-start|p2a: Kyottler|typechange|Water\/Bug|[silent]
|-weather|RainDance|[from] ability: Wet Bugs|[of] p2a: Kyottler
|move|p1a: Birbsmart|Roost|p1a: Birbsmart
|-heal|p1a: Birbsmart|91\/100 tox
|-singleturn|p1a: Birbsmart|move: Roost
|
|-weather|RainDance|[upkeep]
|-damage|p1a: Birbsmart|78\/100 tox|[from] psn
|upkeep
|turn|211
|inactive|isocon has 240 seconds left.
|
|t:|1653162175
|switch|p1a: Goofy|Igglyzenta-Crowned, F|78\/100
|-start|p1a: Goofy|typechange|Fairy\/Steel|[silent]
|-ability|p1a: Goofy|Friend Shield|boost
|-boost|p1a: Goofy|def|1
|-boost|p1a: Goofy|spd|1
|switch|p2a: Glidol|Glidol, F|100\/100 tox
|-start|p2a: Glidol|typechange|Ground\/Flying|[silent]
|
|-weather|RainDance|[upkeep]
|upkeep
|turn|212
|
|t:|1653162184
|switch|p2a: Kyottler|Kyottler, M|100\/100
|-start|p2a: Kyottler|typechange|Water\/Bug|[silent]
|switch|p1a: Gliscor 2|Glidol, F|81\/100
|-start|p1a: Gliscor 2|typechange|Ground\/Flying|[silent]
|
|-weather|RainDance|[upkeep]
|upkeep
|turn|213
|inactive|isocon has 240 seconds left.
|
|t:|1653162191
|switch|p1a: Weezking4FEUU|Volquag, M|76\/100
|-start|p1a: Weezking4FEUU|typechange|Fire\/Water|[silent]
|switch|p2a: Avarupt|Avarupt-Mega, M|77\/100
|-start|p2a: Avarupt|typechange|Ice\/Ground|[silent]
|-start|p2a: Avarupt|typechange|Ice\/Ground|[silent]
|
|-weather|RainDance|[upkeep]
|upkeep
|turn|214
|
|t:|1653162199
|switch|p2a: Tentoxys-Defense|Tentoxys-Defense, M|59\/100 brn
|-start|p2a: Tentoxys-Defense|typechange|Psychic\/Poison|[silent]
|-ability|p2a: Tentoxys-Defense|Downpour
|move|p1a: Weezking4FEUU|Scald|p2a: Tentoxys-Defense
|-heal|p2a: Tentoxys-Defense|65\/100 brn|[from] ability: Downpour|[of] p1a: Weezking4FEUU
|-damage|p2a: Tentoxys-Defense|30\/100 brn
|
|-weather|none
|-damage|p2a: Tentoxys-Defense|24\/100 brn|[from] brn
|upkeep
|turn|215
|
|t:|1653162207
|switch|p1a: Gliscor 2|Glidol, F|81\/100
|-start|p1a: Gliscor 2|typechange|Ground\/Flying|[silent]
|move|p2a: Tentoxys-Defense|Recover|p2a: Tentoxys-Defense
|-heal|p2a: Tentoxys-Defense|74\/100 brn
|
|-damage|p2a: Tentoxys-Defense|68\/100 brn|[from] brn
|upkeep
|turn|216
|
|t:|1653162213
|switch|p2a: Avarupt|Avarupt-Mega, M|77\/100
|-start|p2a: Avarupt|typechange|Ice\/Ground|[silent]
|-start|p2a: Avarupt|typechange|Ice\/Ground|[silent]
|switch|p1a: Weezking4FEUU|Volquag, M|76\/100
|-start|p1a: Weezking4FEUU|typechange|Fire\/Water|[silent]
|
|upkeep
|turn|217
|inactive|isocon has 240 seconds left.
|inactive|isocon has 210 seconds left.
|inactive|isocon has 180 seconds left.
|inactive|isocon has 150 seconds left.
|
|t:|1653162318
|switch|p1a: Birbsmart|Mesflame, F|78\/100 tox
|-start|p1a: Birbsmart|typechange|Fire\/Psychic|[silent]
|move|p2a: Avarupt|Earth Power|p1a: Birbsmart
|-immune|p1a: Birbsmart|[from] ability: Leviflame
|
|-damage|p1a: Birbsmart|72\/100 tox|[from] psn
|upkeep
|turn|218
|
|t:|1653162326
|switch|p2a: Kyottler|Kyottler, M|100\/100
|-start|p2a: Kyottler|typechange|Water\/Bug|[silent]
|-weather|RainDance|[from] ability: Wet Bugs|[of] p2a: Kyottler
|move|p1a: Birbsmart|Overheat|p2a: Kyottler
|-damage|p2a: Kyottler|83\/100
|-unboost|p1a: Birbsmart|spa|2
|
|-weather|RainDance|[upkeep]
|-heal|p2a: Kyottler|90\/100|[from] item: Leftovers
|-damage|p1a: Birbsmart|60\/100 tox|[from] psn
|upkeep
|turn|219
|
|t:|1653162332
|switch|p1a: Goofy|Igglyzenta-Crowned, F|78\/100
|-start|p1a: Goofy|typechange|Fairy\/Steel|[silent]
|-ability|p1a: Goofy|Friend Shield|boost
|-boost|p1a: Goofy|def|1
|-boost|p1a: Goofy|spd|1
|switch|p2a: Glidol|Glidol, F|100\/100 tox
|-start|p2a: Glidol|typechange|Ground\/Flying|[silent]
|
|-weather|RainDance|[upkeep]
|upkeep
|turn|220
|
|t:|1653162339
|switch|p2a: Kyottler|Kyottler, M|90\/100
|-start|p2a: Kyottler|typechange|Water\/Bug|[silent]
|switch|p1a: Gliscor 2|Glidol, F|81\/100
|-start|p1a: Gliscor 2|typechange|Ground\/Flying|[silent]
|
|-weather|RainDance|[upkeep]
|-heal|p2a: Kyottler|96\/100|[from] item: Leftovers
|upkeep
|turn|221
|
|t:|1653162345
|switch|p1a: Weezking4FEUU|Volquag, M|76\/100
|-start|p1a: Weezking4FEUU|typechange|Fire\/Water|[silent]
|move|p2a: Kyottler|Thunder|p1a: Weezking4FEUU
|-supereffective|p1a: Weezking4FEUU
|-damage|p1a: Weezking4FEUU|25\/100
|
|-weather|RainDance|[upkeep]
|-heal|p2a: Kyottler|100\/100|[from] item: Leftovers
|upkeep
|turn|222
|
|t:|1653162354
|switch|p1a: Goofy|Igglyzenta-Crowned, F|78\/100
|-start|p1a: Goofy|typechange|Fairy\/Steel|[silent]
|-ability|p1a: Goofy|Friend Shield|boost
|-boost|p1a: Goofy|def|1
|-boost|p1a: Goofy|spd|1
|move|p2a: Kyottler|Thunder|p1a: Goofy
|-damage|p1a: Goofy|56\/100
|
|-weather|none
|upkeep
|turn|223
|
|t:|1653162361
|switch|p2a: Glidol|Glidol, F|100\/100 tox
|-start|p2a: Glidol|typechange|Ground\/Flying|[silent]
|move|p1a: Goofy|Wish|p1a: Goofy
|
|upkeep
|turn|224
|
|t:|1653162368
|move|p1a: Goofy|Protect|p1a: Goofy
|-singleturn|p1a: Goofy|Protect
|move|p2a: Glidol|Earthquake|p1a: Goofy
|-activate|p1a: Goofy|move: Protect
|
|-heal|p1a: Goofy|100\/100|[from] move: Wish|[wisher] Goofy
|upkeep
|turn|225
|
|t:|1653162373
|switch|p2a: Kyottler|Kyottler, M|100\/100
|-start|p2a: Kyottler|typechange|Water\/Bug|[silent]
|-weather|RainDance|[from] ability: Wet Bugs|[of] p2a: Kyottler
|move|p1a: Goofy|Wish|p1a: Goofy
|
|-weather|RainDance|[upkeep]
|upkeep
|turn|226
|
|t:|1653162378
|switch|p1a: ND+ Cofagrigus2|Porygrigus, M|88\/100 psn
|-start|p1a: ND+ Cofagrigus2|typechange|Normal\/Ghost|[silent]
|-activate|p1a: ND+ Cofagrigus2|ability: Pillage
|-activate|p1a: ND+ Cofagrigus2|Skill Swap|||[of] p2a: Kyottler
|-activate|p1a: ND+ Cofagrigus2|ability: Wet Bugs
|-activate|p2a: Kyottler|ability: Pillage
|move|p2a: Kyottler|Thunder|p1a: ND+ Cofagrigus2
|-damage|p1a: ND+ Cofagrigus2|53\/100 psn
|
|-weather|RainDance|[upkeep]
|-heal|p1a: ND+ Cofagrigus2|100\/100 psn|[from] move: Wish|[wisher] Goofy
|-damage|p1a: ND+ Cofagrigus2|88\/100 psn|[from] psn
|upkeep
|turn|227
|
|t:|1653162390
|switch|p2a: Jirachonator|Jirachonator, F|41\/100 brn
|-start|p2a: Jirachonator|typechange|Steel\/Dragon|[silent]
|switch|p1a: Goofy|Igglyzenta-Crowned, F|100\/100
|-start|p1a: Goofy|typechange|Fairy\/Steel|[silent]
|-ability|p1a: Goofy|Friend Shield|boost
|-boost|p1a: Goofy|def|1
|-boost|p1a: Goofy|spd|1
|
|-weather|RainDance|[upkeep]
|-heal|p2a: Jirachonator|47\/100 brn|[from] item: Leftovers
|-damage|p2a: Jirachonator|41\/100 brn|[from] brn
|upkeep
|turn|228
|
|t:|1653162395
|move|p1a: Goofy|Play Rough|p2a: Jirachonator
|-damage|p2a: Jirachonator|18\/100 brn
|move|p2a: Jirachonator|Stealth Rock|p1a: Goofy
|-sidestart|p1: Bobsican|move: Stealth Rock
|
|-weather|RainDance|[upkeep]
|-heal|p2a: Jirachonator|24\/100 brn|[from] item: Leftovers
|-damage|p2a: Jirachonator|18\/100 brn|[from] brn
|upkeep
|turn|229
|inactive|isocon has 120 seconds left.
|
|t:|1653162406
|switch|p2a: Kyottler|Kyottler, M|100\/100
|-start|p2a: Kyottler|typechange|Water\/Bug|[silent]
|move|p1a: Goofy|Behemoth Bash|p2a: Kyottler
|-resisted|p2a: Kyottler
|-damage|p2a: Kyottler|80\/100
|
|-weather|none
|-heal|p2a: Kyottler|86\/100|[from] item: Leftovers
|upkeep
|turn|230
|
|t:|1653162417
|move|p2a: Kyottler|Recover|p2a: Kyottler
|-heal|p2a: Kyottler|100\/100
|move|p1a: Goofy|Wish|p1a: Goofy
|
|upkeep
|turn|231
|
|t:|1653162432
|move|p1a: Goofy|Play Rough|p2a: Kyottler
|-damage|p2a: Kyottler|65\/100
|move|p2a: Kyottler|Recover|p2a: Kyottler
|-heal|p2a: Kyottler|100\/100
|
|upkeep
|turn|232
|
|t:|1653162440
|switch|p2a: Glidol|Glidol, F|100\/100 tox
|-start|p2a: Glidol|typechange|Ground\/Flying|[silent]
|move|p1a: Goofy|Protect||[still]
|-fail|p1a: Goofy
|
|upkeep
|turn|233
|
|t:|1653162444
|switch|p2a: Kyottler|Kyottler, M|100\/100
|-start|p2a: Kyottler|typechange|Water\/Bug|[silent]
|-weather|RainDance|[from] ability: Wet Bugs|[of] p2a: Kyottler
|switch|p1a: Gliscor 2|Glidol, F|81\/100
|-damage|p1a: Gliscor 2|68\/100|[from] Stealth Rock
|-start|p1a: Gliscor 2|typechange|Ground\/Flying|[silent]
|
|-weather|RainDance|[upkeep]
|upkeep
|turn|234
|
|t:|1653162452
|switch|p1a: Goofy|Igglyzenta-Crowned, F|100\/100
|-damage|p1a: Goofy|94\/100|[from] Stealth Rock
|-start|p1a: Goofy|typechange|Fairy\/Steel|[silent]
|-ability|p1a: Goofy|Friend Shield|boost
|-boost|p1a: Goofy|def|1
|-boost|p1a: Goofy|spd|1
|move|p2a: Kyottler|Origin Pulse|p1a: Goofy
|-damage|p1a: Goofy|44\/100
|
|-weather|RainDance|[upkeep]
|upkeep
|turn|235
|
|t:|1653162460
|move|p1a: Goofy|Protect|p1a: Goofy
|-singleturn|p1a: Goofy|Protect
|move|p2a: Kyottler|Origin Pulse|p1a: Goofy
|-activate|p1a: Goofy|move: Protect
|
|-weather|RainDance|[upkeep]
|upkeep
|turn|236
|
|t:|1653162467
|switch|p1a: Weezking4FEUU|Volquag, M|25\/100
|-start|p1a: Weezking4FEUU|typechange|Fire\/Water|[silent]
|-damage|p1a: Weezking4FEUU|0 fnt|[from] Stealth Rock
|faint|p1a: Weezking4FEUU
|move|p2a: Kyottler|Origin Pulse|p1: Weezking4FEUU|[notarget]
|-fail|p2a: Kyottler
|
|-weather|RainDance|[upkeep]
|upkeep
|
|t:|1653162476
|switch|p1a: Birbsmart|Mesflame, F|60\/100 tox
|-start|p1a: Birbsmart|typechange|Fire\/Psychic|[silent]
|-damage|p1a: Birbsmart|35\/100 tox|[from] Stealth Rock
|turn|237
|
|t:|1653162483
|move|p1a: Birbsmart|Trick|p2a: Kyottler
|-activate|p1a: Birbsmart|move: Trick|[of] p2a: Kyottler
|-enditem|p2a: Kyottler|Leftovers|[silent]|[from] move: Trick
|-item|p1a: Birbsmart|Leftovers|[from] move: Trick
|move|p2a: Kyottler|Origin Pulse|p1a: Birbsmart
|-supereffective|p1a: Birbsmart
|-damage|p1a: Birbsmart|0 fnt
|faint|p1a: Birbsmart
|
|-weather|none
|upkeep
|
|t:|1653162491
|switch|p1a: Gliscor 2|Glidol, F|68\/100
|-start|p1a: Gliscor 2|typechange|Ground\/Flying|[silent]
|-damage|p1a: Gliscor 2|56\/100|[from] Stealth Rock
|turn|238
|
|t:|1653162494
|move|p1a: Gliscor 2|Rapid Spin|p2a: Kyottler
|-damage|p2a: Kyottler|88\/100
|-boost|p1a: Gliscor 2|spe|1
|-sideend|p1: Bobsican|Stealth Rock|[from] move: Rapid Spin|[of] p1a: Gliscor 2
|move|p2a: Kyottler|Origin Pulse|p1a: Gliscor 2|[miss]
|-miss|p2a: Kyottler|p1a: Gliscor 2
|
|upkeep
|turn|239
|c|+Gekokeso|iso have my children
|
|t:|1653162501
|switch|p1a: Goofy|Igglyzenta-Crowned, F|44\/100
|-start|p1a: Goofy|typechange|Fairy\/Steel|[silent]
|-ability|p1a: Goofy|Friend Shield|boost
|-boost|p1a: Goofy|def|1
|-boost|p1a: Goofy|spd|1
|switch|p2a: Glidol|Glidol, F|100\/100 tox
|-start|p2a: Glidol|typechange|Ground\/Flying|[silent]
|
|upkeep
|turn|240
|
|t:|1653162507
|move|p2a: Glidol|Earthquake|p1a: Goofy
|-supereffective|p1a: Goofy
|-damage|p1a: Goofy|12\/100
|move|p1a: Goofy|Wish|p1a: Goofy
|
|upkeep
|turn|241
|c|+zxgzxg|hes doing it
|
|t:|1653162513
|switch|p2a: Kyottler|Kyottler, M|88\/100
|-start|p2a: Kyottler|typechange|Water\/Bug|[silent]
|-weather|RainDance|[from] ability: Wet Bugs|[of] p2a: Kyottler
|move|p1a: Goofy|Protect||[still]
|-fail|p1a: Goofy
|
|-weather|RainDance|[upkeep]
|-heal|p1a: Goofy|62\/100|[from] move: Wish|[wisher] Goofy
|upkeep
|turn|242
|
|t:|1653162518
|switch|p2a: Glidol|Glidol, F|100\/100 tox
|-start|p2a: Glidol|typechange|Ground\/Flying|[silent]
|move|p1a: Goofy|Protect||[still]
|-fail|p1a: Goofy
|
|-weather|RainDance|[upkeep]
|upkeep
|turn|243
|
|t:|1653162521
|switch|p2a: Kyottler|Kyottler, M|88\/100
|-start|p2a: Kyottler|typechange|Water\/Bug|[silent]
|move|p1a: Goofy|Wish|p1a: Goofy
|
|-weather|RainDance|[upkeep]
|upkeep
|turn|244
|
|t:|1653162527
|move|p1a: Goofy|Play Rough|p2a: Kyottler
|-damage|p2a: Kyottler|56\/100
|-unboost|p2a: Kyottler|atk|1
|move|p2a: Kyottler|Origin Pulse|p1a: Goofy
|-damage|p1a: Goofy|18\/100
|
|-weather|RainDance|[upkeep]
|-heal|p1a: Goofy|68\/100|[from] move: Wish|[wisher] Goofy
|upkeep
|turn|245
|
|t:|1653162534
|move|p1a: Goofy|Protect|p1a: Goofy
|-singleturn|p1a: Goofy|Protect
|move|p2a: Kyottler|Recover|p2a: Kyottler
|-heal|p2a: Kyottler|100\/100
|
|-weather|none
|upkeep
|turn|246
|
|t:|1653162539
|switch|p2a: Glidol|Glidol, F|100\/100 tox
|-start|p2a: Glidol|typechange|Ground\/Flying|[silent]
|move|p1a: Goofy|Play Rough|p2a: Glidol
|-damage|p2a: Glidol|74\/100 tox
|
|-heal|p2a: Glidol|87\/100 tox|[from] ability: Feel No Pain
|upkeep
|turn|247
|
|t:|1653162543
|switch|p2a: Kyottler|Kyottler, M|100\/100
|-start|p2a: Kyottler|typechange|Water\/Bug|[silent]
|-weather|RainDance|[from] ability: Wet Bugs|[of] p2a: Kyottler
|move|p1a: Goofy|Play Rough|p2a: Kyottler
|-damage|p2a: Kyottler|66\/100
|
|-weather|RainDance|[upkeep]
|upkeep
|turn|248
|
|t:|1653162549
|move|p1a: Goofy|Play Rough|p2a: Kyottler
|-damage|p2a: Kyottler|29\/100
|move|p2a: Kyottler|Thunder|p1a: Goofy
|-damage|p1a: Goofy|46\/100
|
|-weather|RainDance|[upkeep]
|upkeep
|turn|249
|
|t:|1653162555
|switch|p2a: Glidol|Glidol, F|87\/100 tox
|-start|p2a: Glidol|typechange|Ground\/Flying|[silent]
|move|p1a: Goofy|Play Rough|p2a: Glidol
|-crit|p2a: Glidol
|-damage|p2a: Glidol|46\/100 tox
|-unboost|p2a: Glidol|atk|1
|
|-weather|RainDance|[upkeep]
|-heal|p2a: Glidol|58\/100 tox|[from] ability: Feel No Pain
|upkeep
|turn|250
|
|t:|1653162558
|move|p2a: Glidol|Roost|p2a: Glidol
|-heal|p2a: Glidol|100\/100 tox
|-singleturn|p2a: Glidol|move: Roost
|move|p1a: Goofy|Behemoth Bash|p2a: Glidol
|-damage|p2a: Glidol|71\/100 tox
|
|-weather|RainDance|[upkeep]
|-heal|p2a: Glidol|83\/100 tox|[from] ability: Feel No Pain
|upkeep
|turn|251
|inactive|isocon has 120 seconds left.
|
|t:|1653162570
|switch|p2a: Jirachonator|Jirachonator, F|18\/100 brn
|-start|p2a: Jirachonator|typechange|Steel\/Dragon|[silent]
|move|p1a: Goofy|Play Rough|p2a: Jirachonator
|-damage|p2a: Jirachonator|0 fnt
|faint|p2a: Jirachonator
|
|-weather|none
|upkeep
|
|t:|1653162575
|switch|p2a: Kyottler|Kyottler, M|29\/100
|-start|p2a: Kyottler|typechange|Water\/Bug|[silent]
|-weather|RainDance|[from] ability: Wet Bugs|[of] p2a: Kyottler
|turn|252
|
|t:|1653162580
|move|p1a: Goofy|Behemoth Bash|p2a: Kyottler
|-resisted|p2a: Kyottler
|-damage|p2a: Kyottler|8\/100
|move|p2a: Kyottler|Recover|p2a: Kyottler
|-heal|p2a: Kyottler|58\/100
|
|-weather|RainDance|[upkeep]
|upkeep
|turn|253
|
|t:|1653162583
|move|p2a: Kyottler|Recover|p2a: Kyottler
|-heal|p2a: Kyottler|100\/100
|move|p1a: Goofy|Behemoth Bash|p2a: Kyottler
|-resisted|p2a: Kyottler
|-damage|p2a: Kyottler|82\/100
|
|-weather|RainDance|[upkeep]
|upkeep
|turn|254
|
|t:|1653162590
|move|p2a: Kyottler|Origin Pulse|p1a: Goofy|[miss]
|-miss|p2a: Kyottler|p1a: Goofy
|move|p1a: Goofy|Behemoth Bash|p2a: Kyottler
|-resisted|p2a: Kyottler
|-damage|p2a: Kyottler|63\/100
|
|-weather|RainDance|[upkeep]
|upkeep
|turn|255
|
|t:|1653162596
|move|p1a: Goofy|Protect|p1a: Goofy
|-singleturn|p1a: Goofy|Protect
|move|p2a: Kyottler|Origin Pulse|p1a: Goofy
|-activate|p1a: Goofy|move: Protect
|
|-weather|RainDance|[upkeep]
|upkeep
|turn|256
|
|t:|1653162601
|move|p2a: Kyottler|Recover|p2a: Kyottler
|-heal|p2a: Kyottler|100\/100
|move|p1a: Goofy|Behemoth Bash|p2a: Kyottler
|-resisted|p2a: Kyottler
|-damage|p2a: Kyottler|82\/100
|
|-weather|none
|upkeep
|turn|257
|
|t:|1653162608
|switch|p2a: Glidol|Glidol, F|83\/100 tox
|-start|p2a: Glidol|typechange|Ground\/Flying|[silent]
|move|p1a: Goofy|Protect||[still]
|-fail|p1a: Goofy
|
|-heal|p2a: Glidol|95\/100 tox|[from] ability: Feel No Pain
|upkeep
|turn|258
|
|t:|1653162611
|switch|p2a: Kyottler|Kyottler, M|82\/100
|-start|p2a: Kyottler|typechange|Water\/Bug|[silent]
|-weather|RainDance|[from] ability: Wet Bugs|[of] p2a: Kyottler
|move|p1a: Goofy|Protect||[still]
|-fail|p1a: Goofy
|
|-weather|RainDance|[upkeep]
|upkeep
|turn|259
|c|☆Bobsican|tfw no PP
|
|t:|1653162620
|switch|p2a: Avarupt|Avarupt-Mega, M|77\/100
|-start|p2a: Avarupt|typechange|Ice\/Ground|[silent]
|-start|p2a: Avarupt|typechange|Ice\/Ground|[silent]
|-activate|p1a: Goofy|move: Struggle
|move|p1a: Goofy|Struggle|p2a: Avarupt
|-damage|p2a: Avarupt|71\/100
|-damage|p1a: Goofy|21\/100|[from] recoil
|
|-weather|RainDance|[upkeep]
|upkeep
|turn|260
|
|t:|1653162625
|-activate|p1a: Goofy|move: Struggle
|move|p1a: Goofy|Struggle|p2a: Avarupt
|-crit|p2a: Avarupt
|-damage|p2a: Avarupt|61\/100
|-damage|p1a: Goofy|0 fnt|[from] recoil
|faint|p1a: Goofy
|move|p2a: Avarupt|Recover|p2a: Avarupt
|-heal|p2a: Avarupt|100\/100
|
|-weather|RainDance|[upkeep]
|upkeep
|
|t:|1653162633
|switch|p1a: ND+ Cofagrigus2|Porygrigus, M|88\/100 psn
|-start|p1a: ND+ Cofagrigus2|typechange|Normal\/Ghost|[silent]
|-activate|p1a: ND+ Cofagrigus2|ability: Pillage
|-activate|p1a: ND+ Cofagrigus2|Skill Swap|||[of] p2a: Avarupt
|-activate|p1a: ND+ Cofagrigus2|ability: Sheer Force
|-activate|p2a: Avarupt|ability: Pillage
|turn|261
|
|t:|1653162636
|switch|p2a: Glidol|Glidol, F|95\/100 tox
|-start|p2a: Glidol|typechange|Ground\/Flying|[silent]
|move|p1a: ND+ Cofagrigus2|Body Press|p2a: Glidol
|-resisted|p2a: Glidol
|-damage|p2a: Glidol|82\/100 tox
|
|-weather|RainDance|[upkeep]
|-heal|p2a: Glidol|95\/100 tox|[from] ability: Feel No Pain
|-damage|p1a: ND+ Cofagrigus2|76\/100 psn|[from] psn
|upkeep
|turn|262
|c|+zxgzxg|top 10 most satisfying villain deaths
|inactive|isocon has 120 seconds left.
|c|+Gekokeso|so true
|
|t:|1653162652
|switch|p1a: Gliscor 2|Glidol, F|56\/100
|-start|p1a: Gliscor 2|typechange|Ground\/Flying|[silent]
|move|p2a: Glidol|Knock Off|p1a: Gliscor 2
|-damage|p1a: Gliscor 2|43\/100
|
|-weather|none
|-heal|p2a: Glidol|100\/100 tox|[from] ability: Feel No Pain
|upkeep
|turn|263
|
|t:|1653162660
|switch|p2a: Avarupt|Avarupt-Mega, M|100\/100
|-start|p2a: Avarupt|typechange|Ice\/Ground|[silent]
|-start|p2a: Avarupt|typechange|Ice\/Ground|[silent]
|move|p1a: Gliscor 2|Roost|p1a: Gliscor 2
|-heal|p1a: Gliscor 2|93\/100
|-singleturn|p1a: Gliscor 2|move: Roost
|
|upkeep
|turn|264
|
|t:|1653162665
|switch|p1a: ND+ Cofagrigus2|Porygrigus, M|76\/100 psn
|-start|p1a: ND+ Cofagrigus2|typechange|Normal\/Ghost|[silent]
|-activate|p1a: ND+ Cofagrigus2|ability: Pillage
|-activate|p1a: ND+ Cofagrigus2|Skill Swap|||[of] p2a: Avarupt
|-activate|p1a: ND+ Cofagrigus2|ability: Sheer Force
|-activate|p2a: Avarupt|ability: Pillage
|move|p2a: Avarupt|Ice Beam|p1a: ND+ Cofagrigus2
|-damage|p1a: ND+ Cofagrigus2|23\/100 psn
|
|-damage|p1a: ND+ Cofagrigus2|10\/100 psn|[from] psn
|upkeep
|turn|265
|
|t:|1653162671
|move|p1a: ND+ Cofagrigus2|Recover|p1a: ND+ Cofagrigus2
|-heal|p1a: ND+ Cofagrigus2|60\/100 psn
|move|p2a: Avarupt|Ice Beam|p1a: ND+ Cofagrigus2
|-damage|p1a: ND+ Cofagrigus2|14\/100 psn
|
|-damage|p1a: ND+ Cofagrigus2|1\/100 psn|[from] psn
|upkeep
|turn|266
|
|t:|1653162678
|move|p1a: ND+ Cofagrigus2|Body Press|p2a: Avarupt
|-supereffective|p2a: Avarupt
|-damage|p2a: Avarupt|68\/100
|move|p2a: Avarupt|Ice Beam|p1a: ND+ Cofagrigus2
|-damage|p1a: ND+ Cofagrigus2|0 fnt
|faint|p1a: ND+ Cofagrigus2
|
|upkeep
|
|t:|1653162681
|switch|p1a: Gliscor 2|Glidol, F|93\/100
|-start|p1a: Gliscor 2|typechange|Ground\/Flying|[silent]
|turn|267
|
|t:|1653162684
|move|p1a: Gliscor 2|Roost|p1a: Gliscor 2
|-heal|p1a: Gliscor 2|100\/100
|-singleturn|p1a: Gliscor 2|move: Roost
|move|p2a: Avarupt|Ice Beam|p1a: Gliscor 2
|-supereffective|p1a: Gliscor 2
|-damage|p1a: Gliscor 2|0 fnt
|faint|p1a: Gliscor 2
|
|win|isocon
|c|☆isocon|gg
|c|☆Bobsican|gg
|c|+Gekokeso|gg
|c|+zxgzxg|gg
|j|+ZOOMERCIDE
|l|+Paul(Paulluxx)
|l|+zxgzxg
|j|+Paul(Paulluxx)
|l|+Paul(Paulluxx)
|l|+Squawkerz
|j|+Paul(Paulluxx)</script>
</div>
<div class="battle-log battle-log-inline"><div class="inner"><div class="battle-options"><div style="padding-top: 3px; padding-right: 3px; text-align: right"><button class="icon button" name="openBattleOptions" title="Options">Battle Options</button></div></div><div class="inner message-log"><div class="chat"><small>☆Bobsican and ☆isocon joined</small></div><div class=""><small>Format:</small> <br><strong>[Gen 8] Fusion Evolution UU</strong></div><div class=""><small><em>HP Percentage Mod:</em> HP is shown in percentages</small></div><div class=""><small><em>Endless Battle Clause:</em> Forcing endless battles is banned</small></div><div class=""><small><em>OHKO Clause:</em> OHKO moves are banned</small></div><div class=""><small><em>Evasion Moves Clause:</em> Evasion moves are banned</small></div><div class=""><small><em>Species Clause:</em> Limit one of each Pokémon</small></div><div class=""><small><em>Dynamax Clause:</em> You cannot dynamax</small></div><div class=""><small><em>Sleep Clause Mod:</em> Limit one foe put to sleep</small></div><div class=""><small><em>Z-Move Clause:</em> Z-Moves are banned</small></div><div class="chat battle-history"><strong>Bobsican's team:</strong> <em style="color:#445566;display:block;">Volquag / Mesflame / Goodevoir / Porygrigus / Glidol / Igglyzenta-Crowned</em></div><div class="chat battle-history"><strong>isocon's team:</strong> <em style="color:#445566;display:block;">Kyottler / Glidol / Jirachonator / Ninjacross / Avarupt / Tentoxys-Defense</em></div><div class="chat chatmessage-isocon"><strong style="color:#616adf"><small>☆</small><span class="username" data-name="isocon">isocon</span>:</strong> <em>glhf</em></div><div class="chat"><small>+Paul(Paulluxx) joined</small></div><div class="chat chatmessage-bobsican"><strong style="color:#b30ed8"><small>☆</small><span class="username" data-name="Bobsican">Bobsican</span>:</strong> <em>glhf too</em></div><div class="chat message-error">Battle timer is ON: inactive players will automatically lose when time's up. (requested by Bobsican)</div><div class="spacer battle-history"><br></div><div class="battle-history">Battle started between Bobsican and isocon!<br></div><div class="spacer battle-history"><br></div><div class="battle-history">Go! ND+ Cofagrigus2 (<strong>Porygrigus</strong>)!<br></div><div class="spacer battle-history"><br></div><div class="battle-history">isocon sent out <strong>Ninjacross</strong>!<br></div><div class="chat"><ul class="utilichart"><li class="result"><span class="col pokemonnamecol" style="white-space: nowrap">Ninjacross</span> <span class="col typecol"><img src="https://dragonheaven.herokuapp.com/sprites/types/Bug.png" alt="Bug" height="14" width="32"><img src="https://dragonheaven.herokuapp.com/sprites/types/Fighting.png" alt="Fighting" height="14" width="32"></span> <span style="float: left ; min-height: 26px"><span class="col abilitycol">Speedy</span><span class="col abilitycol"></span></span></li><li style="clear: both"></li></ul></div><div class="chat"><ul class="utilichart"><li class="result"><span style="float: left ; min-height: 26px"><span class="col statcol"><em>HP</em><br>72</span> <span class="col statcol"><em>Atk</em><br>117</span> <span class="col statcol"><em>Def</em><br>60</span> <span class="col statcol"><em>SpA</em><br>45</span> <span class="col statcol"><em>SpD</em><br>80</span> <span class="col statcol"><em>Spe</em><br>142</span> </span></li><li style="clear: both"></li></ul></div><div class="chat"><ul class="utilichart"><li class="result"><span class="col pokemonnamecol" style="white-space: nowrap">Porygrigus</span> <span class="col typecol"><img src="https://dragonheaven.herokuapp.com/sprites/types/Normal.png" alt="Normal" height="14" width="32"><img src="https://dragonheaven.herokuapp.com/sprites/types/Ghost.png" alt="Ghost" height="14" width="32"></span> <span style="float: left ; min-height: 26px"><span class="col abilitycol">Pillage</span><span class="col abilitycol"></span></span></li><li style="clear: both"></li></ul></div><div class="chat"><ul class="utilichart"><li class="result"><span style="float: left ; min-height: 26px"><span class="col statcol"><em>HP</em><br>71</span> <span class="col statcol"><em>Atk</em><br>65</span> <span class="col statcol"><em>Def</em><br>130</span> <span class="col statcol"><em>SpA</em><br>108</span> <span class="col statcol"><em>SpD</em><br>100</span> <span class="col statcol"><em>Spe</em><br>45</span> </span></li><li style="clear: both"></li></ul></div><div class="battle-history">[ND+ Cofagrigus2's Pillage]<br></div><div class="battle-history"><small>ND+ Cofagrigus2 swapped Abilities with its target!</small><br></div><div class="battle-history">[ND+ Cofagrigus2's Speedy]<br></div><div class="battle-history">[The opposing Ninjacross's Pillage]<br></div><div class="spacer battle-history"><br></div><h2 class="battle-history">Turn 1</h2><div class="chat"><small>+G-Luke joined</small></div><div class="spacer battle-history"><br></div><div class="battle-history">The opposing Ninjacross used <strong>U-turn</strong>!<br></div><div class="battle-history"><small>It's not very effective...</small><br></div><div class="battle-history"><small>(ND+ Cofagrigus2 lost 15% of its health!)</small><br></div><div class="chat chatmessage-gluke"><strong style="color:#8d7d11"><small>+</small><span class="username" data-name="G-Luke">G-Luke</span>:</strong> <em>Ninjacross tr lets goooooo</em></div><div class="chat chatmessage-bobsican"><strong style="color:#b30ed8"><small>☆</small><span class="username" data-name="Bobsican">Bobsican</span>:</strong> <em>ghosting</em></div><div class="chat message-error">isocon has 270 seconds left.</div><div class="chat"><small>+zxgzxg joined</small></div><div class="chat chatmessage-zxgzxg"><strong style="color:#8f19ef"><small>+</small><span class="username" data-name="zxgzxg">zxgzxg</span>:</strong> <em>got the </em></div><div class="spacer battle-history"><br></div><div class="battle-history">The opposing Ninjacross went back to isocon!<br></div><div class="battle-history">isocon sent out <strong>Tentoxys-Defense</strong>!<br></div><div class="chat"><ul class="utilichart"><li class="result"><span class="col pokemonnamecol" style="white-space: nowrap">Tentoxys-Defense</span> <span class="col typecol"><img src="https://dragonheaven.herokuapp.com/sprites/types/Psychic.png" alt="Psychic" height="14" width="32"><img src="https://dragonheaven.herokuapp.com/sprites/types/Poison.png" alt="Poison" height="14" width="32"></span> <span style="float: left ; min-height: 26px"><span class="col abilitycol">Downpour</span><span class="col abilitycol"></span></span></li><li style="clear: both"></li></ul></div><div class="chat"><ul class="utilichart"><li class="result"><span style="float: left ; min-height: 26px"><span class="col statcol"><em>HP</em><br>65</span> <span class="col statcol"><em>Atk</em><br>75</span> <span class="col statcol"><em>Def</em><br>122</span> <span class="col statcol"><em>SpA</em><br>90</span> <span class="col statcol"><em>SpD</em><br>140</span> <span class="col statcol"><em>Spe</em><br>105</span> </span></li><li style="clear: both"></li></ul></div><div class="battle-history">[The opposing Tentoxys-Defense's Downpour]<br></div><div class="spacer battle-history"><br></div><div class="battle-history">ND+ Cofagrigus2 used <strong>Will-O-Wisp</strong>!<br></div><div class="battle-history"><small>The opposing Tentoxys-Defense was burned!</small><br></div><div class="spacer battle-history"><br></div><div class="battle-history"><small>ND+ Cofagrigus2 restored a little HP using its Leftovers!</small><br></div><div class="battle-history"><small>The opposing Tentoxys-Defense was hurt by its burn!</small><br></div><div class="spacer battle-history"><br></div><h2 class="battle-history">Turn 2</h2><div class="chat chatmessage-zxgzxg"><strong style="color:#8f19ef"><small>+</small><span class="username" data-name="zxgzxg">zxgzxg</span>:</strong> <em>speed swap</em></div><div class="chat chatmessage-zxgzxg"><strong style="color:#8f19ef"><small>+</small><span class="username" data-name="zxgzxg">zxgzxg</span>:</strong> <em>that s a real move right</em></div><div class="chat chatmessage-zxgzxg"><strong style="color:#8f19ef"><small>+</small><span class="username" data-name="zxgzxg">zxgzxg</span>:</strong> <em>??</em></div><div class="chat chatmessage-paulpaulluxx"><strong style="color:#17849a"><small>+</small><span class="username" data-name="Paul(Paulluxx)">Paul(Paulluxx)</span>:</strong> <em>yes</em></div><div class="chat chatmessage-paulpaulluxx"><strong style="color:#17849a"><small>+</small><span class="username" data-name="Paul(Paulluxx)">Paul(Paulluxx)</span>:</strong> <em>!dt speed swap</em></div><div class="chat"><ul class="utilichart"><li class="result"><span class="col movenamecol"><a href="https://dex.pokemonshowdown.com/moves/speedswap" target="_blank" rel="noopener">Speed Swap</a></span> <span class="col typecol"><img src="//dragonheaven.herokuapp.com/sprites/types/Psychic.png" alt="Psychic" width="32" height="14"><img src="//dragonheaven.herokuapp.com/sprites/categories/Status.png" alt="Status" width="32" height="14"></span> <span class="col widelabelcol"><em>Accuracy</em><br>—</span> <span class="col pplabelcol"><em>PP</em><br>16</span> <span class="col movedesccol">Swaps Speed stat with target.</span> </li><li style="clear: both"></li></ul></div><div class="chat"><font size="1"><font color="#686868">Priority:</font> 0&nbsp;|  <font color="#686868">Gen:</font> 7&nbsp;|  ✓ Bypasses Substitutes&nbsp;|  <font color="#686868">Z-Effect:</font>  Speed +1&nbsp;|  <font color="#686868">Target:</font> One Adjacent Pokémon</font></div><div class="spacer battle-history"><br></div><div class="battle-history">ND+ Cofagrigus2, come back!<br></div><div class="battle-history">Go! Goofy (<strong>Igglyzenta-Crowned</strong>)!<br></div><div class="chat"><ul class="utilichart"><li class="result"><span class="col pokemonnamecol" style="white-space: nowrap">Igglyzenta-Crowned</span> <span class="col typecol"><img src="https://dragonheaven.herokuapp.com/sprites/types/Fairy.png" alt="Fairy" height="14" width="32"><img src="https://dragonheaven.herokuapp.com/sprites/types/Steel.png" alt="Steel" height="14" width="32"></span> <span style="float: left ; min-height: 26px"><span class="col abilitycol">Friend Shield</span><span class="col abilitycol"></span></span></li><li style="clear: both"></li></ul></div><div class="chat"><ul class="utilichart"><li class="result"><span style="float: left ; min-height: 26px"><span class="col statcol"><em>HP</em><br>111</span> <span class="col statcol"><em>Atk</em><br>100</span> <span class="col statcol"><em>Def</em><br>80</span> <span class="col statcol"><em>SpA</em><br>60</span> <span class="col statcol"><em>SpD</em><br>82</span> <span class="col statcol"><em>Spe</em><br>71</span> </span></li><li style="clear: both"></li></ul></div><div class="battle-history">[Goofy's Friend Shield]<br></div><div class="battle-history"><small>Goofy's Defense rose!</small><br></div><div class="battle-history"><small>Goofy's Sp. Def rose!</small><br></div><div class="spacer battle-history"><br></div><div class="battle-history">The opposing Tentoxys-Defense used <strong>Knock Off</strong>!<br></div><div class="battle-history"><small>It's not very effective...</small><br></div><div class="battle-history"><small>(Goofy lost 1% of its health!)</small><br></div><div class="battle-history"><small>The opposing Tentoxys-Defense knocked off Goofy's Leftovers!</small><br></div><div class="spacer battle-history"><br></div><div class="battle-history"><small>The opposing Tentoxys-Defense restored a little HP using its Leftovers!</small><br></div><div class="battle-history"><small>The opposing Tentoxys-Defense was hurt by its burn!</small><br></div><div class="spacer battle-history"><br></div><h2 class="battle-history">Turn 3</h2><div class="chat chatmessage-zxgzxg"><strong style="color:#8f19ef"><small>+</small><span class="username" data-name="zxgzxg">zxgzxg</span>:</strong> <em>oh i was kidding</em></div><div class="chat chatmessage-zxgzxg"><strong style="color:#8f19ef"><small>+</small><span class="username" data-name="zxgzxg">zxgzxg</span>:</strong> <em>im not ghosting i swear</em></div><div class="spacer battle-history"><br></div><div class="battle-history">Goofy used <strong>Protect</strong>!<br></div><div class="battle-history"><small>Goofy protected itself!</small><br></div><div class="spacer battle-history"><br></div><div class="battle-history">The opposing Tentoxys-Defense used <strong>Spikes</strong>!<br></div><div class="battle-history"><small>Spikes were scattered on the ground all around your team!</small><br></div><div class="spacer battle-history"><br></div><div class="battle-history"><small>The opposing Tentoxys-Defense restored a little HP using its Leftovers!</small><br></div><div class="battle-history"><small>The opposing Tentoxys-Defense was hurt by its burn!</small><br></div><div class="spacer battle-history"><br></div><h2 class="battle-history">Turn 4</h2><div class="spacer battle-history"><br></div><div class="battle-history">Goofy, come back!<br></div><div class="battle-history">Go! ND+ Cofagrigus2 (<strong>Porygrigus</strong>)!<br></div><div class="battle-history"><small>ND+ Cofagrigus2 was hurt by the spikes!</small><br></div><div class="battle-history">[ND+ Cofagrigus2's Downpour]<br></div><div class="battle-history">[ND+ Cofagrigus2's Pillage]<br></div><div class="battle-history"><small>ND+ Cofagrigus2 swapped Abilities with its target!</small><br></div><div class="battle-history">[ND+ Cofagrigus2's Downpour]<br></div><div class="battle-history">[The opposing Tentoxys-Defense's Pillage]<br></div><div class="spacer battle-history"><br></div><div class="battle-history">The opposing Tentoxys-Defense used <strong>Spikes</strong>!<br></div><div class="battle-history">[ND+ Cofagrigus2's Downpour]<br><small>ND+ Cofagrigus2 had its HP restored.</small><br></div><div class="battle-history"><small>Spikes were scattered on the ground all around your team!</small><br></div><div class="spacer battle-history"><br></div><div class="battle-history"><small>The opposing Tentoxys-Defense restored a little HP using its Leftovers!</small><br></div><div class="battle-history"><small>ND+ Cofagrigus2 restored a little HP using its Leftovers!</small><br></div><div class="battle-history"><small>The opposing Tentoxys-Defense was hurt by its burn!</small><br></div><div class="spacer battle-history"><br></div><h2 class="battle-history">Turn 5</h2><div class="spacer battle-history"><br></div><div class="battle-history">isocon withdrew Tentoxys-Defense!<br></div><div class="battle-history">isocon sent out <strong>Glidol</strong>!<br></div><div class="chat"><ul class="utilichart"><li class="result"><span class="col pokemonnamecol" style="white-space: nowrap">Glidol</span> <span class="col typecol"><img src="https://dragonheaven.herokuapp.com/sprites/types/Ground.png" alt="Ground" height="14" width="32"><img src="https://dragonheaven.herokuapp.com/sprites/types/Flying.png" alt="Flying" height="14" width="32"></span> <span style="float: left ; min-height: 26px"><span class="col abilitycol">Feel No Pain</span><span class="col abilitycol"></span></span></li><li style="clear: both"></li></ul></div><div class="chat"><ul class="utilichart"><li class="result"><span style="float: left ; min-height: 26px"><span class="col statcol"><em>HP</em><br>67</span> <span class="col statcol"><em>Atk</em><br>94</span> <span class="col statcol"><em>Def</em><br>124</span> <span class="col statcol"><em>SpA</em><br>67</span> <span class="col statcol"><em>SpD</em><br>97</span> <span class="col statcol"><em>Spe</em><br>94</span> </span></li><li style="clear: both"></li></ul></div><div class="spacer battle-history"><br></div><div class="battle-history">ND+ Cofagrigus2 used <strong>Shadow Ball</strong>!<br></div><div class="battle-history"><small>(The opposing Glidol lost 27% of its health!)</small><br></div><div class="spacer battle-history"><br></div><div class="battle-history"><small>ND+ Cofagrigus2 restored a little HP using its Leftovers!</small><br></div><div class="battle-history"><small>The opposing Glidol was badly poisoned!</small><br></div><div class="spacer battle-history"><br></div><h2 class="battle-history">Turn 6</h2><div class="spacer battle-history"><br></div><div class="battle-history">The opposing Glidol used <strong>Knock Off</strong>!<br></div><div class="battle-history">[ND+ Cofagrigus2's Downpour]<br><small>ND+ Cofagrigus2 had its HP restored.</small><br></div><div class="battle-history"><small>It's super effective!</small><br></div><div class="battle-history"><small>(ND+ Cofagrigus2 lost 25% of its health!)</small><br></div><div class="battle-history"><small>The opposing Glidol knocked off ND+ Cofagrigus2's Leftovers!</small><br></div><div class="spacer battle-history"><br></div><div class="battle-history">ND+ Cofagrigus2 used <strong>Shadow Ball</strong>!<br></div><div class="battle-history"><small>(The opposing Glidol lost 29% of its health!)</small><br></div><div class="spacer battle-history"><br></div><div class="battle-history">[The opposing Glidol's Feel No Pain]<br><small>The opposing Glidol had its HP restored.</small><br></div><div class="spacer battle-history"><br></div><h2 class="battle-history">Turn 7</h2><div class="chat chatmessage-gluke"><strong style="color:#8d7d11"><small>+</small><span class="username" data-name="G-Luke">G-Luke</span>:</strong> <em>NP Amp solos i always tell u guys this</em></div><div class="chat message-error">isocon has 270 seconds left.</div><div class="spacer battle-history"><br></div><div class="battle-history">The opposing Glidol used <strong>Roost</strong>!<br></div><div class="battle-history"><small>The opposing Glidol had its HP restored.</small><br></div><div class="battle-history"><small>(The opposing Glidol loses Flying type this turn.)</small><br></div><div class="spacer battle-history"><br></div><div class="battle-history">ND+ Cofagrigus2 used <strong>Shadow Ball</strong>!<br></div><div class="battle-history"><small>(The opposing Glidol lost 27% of its health!)</small><br></div><div class="battle-history"><small>The opposing Glidol's Sp. Def fell!</small><br></div><div class="spacer battle-history"><br></div><div class="battle-history">[The opposing Glidol's Feel No Pain]<br><small>The opposing Glidol had its HP restored.</small><br></div><div class="spacer battle-history"><br></div><h2 class="battle-history">Turn 8</h2><div class="chat message-error">isocon has 270 seconds left.</div><div class="spacer battle-history"><br></div><div class="battle-history">isocon withdrew Glidol!<br></div><div class="battle-history">isocon sent out <strong>Tentoxys-Defense</strong>!<br></div><div class="battle-history">[The opposing Tentoxys-Defense's Downpour]<br></div><div class="spacer battle-history"><br></div><div class="battle-history">ND+ Cofagrigus2 used <strong>Shadow Ball</strong>!<br></div><div class="battle-history">[The opposing Tentoxys-Defense's Downpour]<br><small>The opposing Tentoxys-Defense had its HP restored.</small><br></div><div class="battle-history"><small>It's super effective!</small><br></div><div class="battle-history"><small>(The opposing Tentoxys-Defense lost 47% of its health!)</small><br></div><div class="spacer battle-history"><br></div><div class="battle-history"><small>The opposing Tentoxys-Defense restored a little HP using its Leftovers!</small><br></div><div class="battle-history"><small>The opposing Tentoxys-Defense was hurt by its burn!</small><br></div><div class="spacer battle-history"><br></div><h2 class="battle-history">Turn 9</h2><div class="spacer battle-history"><br></div><div class="battle-history">The opposing Tentoxys-Defense used <strong>Recover</strong>!<br></div><div class="battle-history"><small>The opposing Tentoxys-Defense had its HP restored.</small><br></div><div class="spacer battle-history"><br></div><div class="battle-history">ND+ Cofagrigus2 used <strong>Shadow Ball</strong>!<br></div><div class="battle-history"><small>It's super effective!</small><br></div><div class="battle-history"><small>(The opposing Tentoxys-Defense lost 45% of its health!)</small><br></div><div class="spacer battle-history"><br></div><div class="battle-history"><small>The opposing Tentoxys-Defense restored a little HP using its Leftovers!</small><br></div><div class="battle-history"><small>The opposing Tentoxys-Defense was hurt by its burn!</small><br></div><div class="spacer battle-history"><br></div><h2 class="battle-history">Turn 10</h2><div class="chat message-error">isocon has 270 seconds left.</div><div class="spacer battle-history"><br></div><div class="battle-history">isocon withdrew Tentoxys-Defense!<br></div><div class="battle-history">isocon sent out <strong>Glidol</strong>!<br></div><div class="spacer battle-history"><br></div><div class="battle-history">ND+ Cofagrigus2, come back!<br></div><div class="battle-history">Go! Gliscor 2 (<strong>Glidol</strong>)!<br></div><div class="chat"><ul class="utilichart"><li class="result"><span class="col pokemonnamecol" style="white-space: nowrap">Glidol</span> <span class="col typecol"><img src="https://dragonheaven.herokuapp.com/sprites/types/Ground.png" alt="Ground" height="14" width="32"><img src="https://dragonheaven.herokuapp.com/sprites/types/Flying.png" alt="Flying" height="14" width="32"></span> <span style="float: left ; min-height: 26px"><span class="col abilitycol">Feel No Pain</span><span class="col abilitycol"></span></span></li><li style="clear: both"></li></ul></div><div class="chat"><ul class="utilichart"><li class="result"><span style="float: left ; min-height: 26px"><span class="col statcol"><em>HP</em><br>67</span> <span class="col statcol"><em>Atk</em><br>94</span> <span class="col statcol"><em>Def</em><br>124</span> <span class="col statcol"><em>SpA</em><br>67</span> <span class="col statcol"><em>SpD</em><br>97</span> <span class="col statcol"><em>Spe</em><br>94</span> </span></li><li style="clear: both"></li></ul></div><div class="spacer battle-history"><br></div><div class="battle-history">[The opposing Glidol's Feel No Pain]<br><small>The opposing Glidol had its HP restored.</small><br></div><div class="battle-history"><small>Gliscor 2 was badly poisoned!</small><br></div><div class="spacer battle-history"><br></div><h2 class="battle-history">Turn 11</h2><div class="spacer battle-history"><br></div><div class="battle-history">Gliscor 2, come back!<br></div><div class="battle-history">Go! ND+ Cofagrigus2 (<strong>Porygrigus</strong>)!<br></div><div class="battle-history"><small>ND+ Cofagrigus2 was hurt by the spikes!</small><br></div><div class="battle-history">[ND+ Cofagrigus2's Pillage]<br></div><div class="battle-history"><small>ND+ Cofagrigus2 swapped Abilities with its target!</small><br></div><div class="battle-history">[ND+ Cofagrigus2's Feel No Pain]<br></div><div class="battle-history">[The opposing Glidol's Pillage]<br></div><div class="spacer battle-history"><br></div><div class="battle-history">isocon withdrew Glidol!<br></div><div class="battle-history">isocon sent out <strong>Kyottler</strong>!<br></div><div class="chat"><ul class="utilichart"><li class="result"><span class="col pokemonnamecol" style="white-space: nowrap">Kyottler</span> <span class="col typecol"><img src="https://dragonheaven.herokuapp.com/sprites/types/Water.png" alt="Water" height="14" width="32"><img src="https://dragonheaven.herokuapp.com/sprites/types/Bug.png" alt="Bug" height="14" width="32"></span> <span style="float: left ; min-height: 26px"><span class="col abilitycol">Wet Bugs</span><span class="col abilitycol"></span></span></li><li style="clear: both"></li></ul></div><div class="chat"><ul class="utilichart"><li class="result"><span style="float: left ; min-height: 26px"><span class="col statcol"><em>HP</em><br>80</span> <span class="col statcol"><em>Atk</em><br>87</span> <span class="col statcol"><em>Def</em><br>90</span> <span class="col statcol"><em>SpA</em><br>105</span> <span class="col statcol"><em>SpD</em><br>120</span> <span class="col statcol"><em>Spe</em><br>60</span> </span></li><li style="clear: both"></li></ul></div><div class="battle-history">[The opposing Kyottler's Wet Bugs]<br><small>It started to rain!</small><br></div><div class="spacer battle-history"><br></div><div class="battle-history"><small>(Rain continues to fall.)</small><br></div><div class="spacer battle-history"><br></div><h2 class="battle-history">Turn 12</h2><div class="spacer battle-history"><br></div><div class="battle-history">ND+ Cofagrigus2, come back!<br></div><div class="battle-history">Go! Weezking4FEUU (<strong>Volquag</strong>)!<br></div><div class="chat"><ul class="utilichart"><li class="result"><span class="col pokemonnamecol" style="white-space: nowrap">Volquag</span> <span class="col typecol"><img src="https://dragonheaven.herokuapp.com/sprites/types/Fire.png" alt="Fire" height="14" width="32"><img src="https://dragonheaven.herokuapp.com/sprites/types/Water.png" alt="Water" height="14" width="32"></span> <span style="float: left ; min-height: 26px"><span class="col abilitycol">Porous</span><span class="col abilitycol"></span></span></li><li style="clear: both"></li></ul></div><div class="chat"><ul class="utilichart"><li class="result"><span style="float: left ; min-height: 26px"><span class="col statcol"><em>HP</em><br>90</span> <span class="col statcol"><em>Atk</em><br>97</span> <span class="col statcol"><em>Def</em><br>114</span> <span class="col statcol"><em>SpA</em><br>100</span> <span class="col statcol"><em>SpD</em><br>83</span> <span class="col statcol"><em>Spe</em><br>65</span> </span></li><li style="clear: both"></li></ul></div><div class="spacer battle-history"><br></div><div class="battle-history">The opposing Kyottler used <strong>Origin Pulse</strong>!<br></div><div class="battle-history">[Weezking4FEUU's Porous]<br><small>It doesn't affect Weezking4FEUU...</small><br></div><div class="spacer battle-history"><br></div><div class="battle-history"><small>(Rain continues to fall.)</small><br></div><div class="spacer battle-history"><br></div><h2 class="battle-history">Turn 13</h2><div class="spacer battle-history"><br></div><div class="battle-history">isocon withdrew Kyottler!<br></div><div class="battle-history">isocon sent out <strong>Tentoxys-Defense</strong>!<br></div><div class="battle-history">[The opposing Tentoxys-Defense's Downpour]<br></div><div class="spacer battle-history"><br></div><div class="battle-history">Weezking4FEUU used <strong>Toxic</strong>!<br></div><div class="battle-history">[The opposing Tentoxys-Defense's Downpour]<br><small>The opposing Tentoxys-Defense had its HP restored.</small><br></div><div class="battle-history"><small>But it failed!</small><br></div><div class="spacer battle-history"><br></div><div class="battle-history"><small>(Rain continues to fall.)</small><br></div><div class="battle-history"><small>The opposing Tentoxys-Defense restored a little HP using its Leftovers!</small><br></div><div class="battle-history"><small>The opposing Tentoxys-Defense was hurt by its burn!</small><br></div><div class="spacer battle-history"><br></div><h2 class="battle-history">Turn 14</h2><div class="spacer battle-history"><br></div><div class="battle-history">Weezking4FEUU, come back!<br></div><div class="battle-history">Go! ND+ Cofagrigus2 (<strong>Porygrigus</strong>)!<br></div><div class="battle-history"><small>ND+ Cofagrigus2 was hurt by the spikes!</small><br></div><div class="battle-history">[ND+ Cofagrigus2's Downpour]<br></div><div class="battle-history">[ND+ Cofagrigus2's Pillage]<br></div><div class="battle-history"><small>ND+ Cofagrigus2 swapped Abilities with its target!</small><br></div><div class="battle-history">[ND+ Cofagrigus2's Downpour]<br></div><div class="battle-history">[The opposing Tentoxys-Defense's Pillage]<br></div><div class="spacer battle-history"><br></div><div class="battle-history">The opposing Tentoxys-Defense used <strong>Spikes</strong>!<br></div><div class="battle-history">[ND+ Cofagrigus2's Downpour]<br><small>ND+ Cofagrigus2 had its HP restored.</small><br></div><div class="battle-history"><small>Spikes were scattered on the ground all around your team!</small><br></div><div class="spacer battle-history"><br></div><div class="battle-history"><small>(Rain continues to fall.)</small><br></div><div class="battle-history"><small>The opposing Tentoxys-Defense restored a little HP using its Leftovers!</small><br></div><div class="battle-history"><small>The opposing Tentoxys-Defense was hurt by its burn!</small><br></div><div class="spacer battle-history"><br></div><h2 class="battle-history">Turn 15</h2><div class="spacer battle-history"><br></div><div class="battle-history">The opposing Tentoxys-Defense used <strong>Recover</strong>!<br></div><div class="battle-history"><small>The opposing Tentoxys-Defense had its HP restored.</small><br></div><div class="spacer battle-history"><br></div><div class="battle-history">ND+ Cofagrigus2 used <strong>Recover</strong>!<br></div><div class="battle-history"><small>ND+ Cofagrigus2 had its HP restored.</small><br></div><div class="spacer battle-history"><br></div><div class="battle-history"><small>The rain stopped.</small><br></div><div class="battle-history"><small>The opposing Tentoxys-Defense was hurt by its burn!</small><br></div><div class="spacer battle-history"><br></div><h2 class="battle-history">Turn 16</h2><div class="spacer battle-history"><br></div><div class="battle-history">isocon withdrew Tentoxys-Defense!<br></div><div class="battle-history">isocon sent out <strong>Glidol</strong>!<br></div><div class="spacer battle-history"><br></div><div class="battle-history">ND+ Cofagrigus2 used <strong>Shadow Ball</strong>!<br></div><div class="battle-history"><small>(The opposing Glidol lost 29% of its health!)</small><br></div><div class="spacer battle-history"><br></div><div class="battle-history">[The opposing Glidol's Feel No Pain]<br><small>The opposing Glidol had its HP restored.</small><br></div><div class="spacer battle-history"><br></div><h2 class="battle-history">Turn 17</h2><div class="chat chatmessage-gluke"><strong style="color:#8d7d11"><small>+</small><span class="username" data-name="G-Luke">G-Luke</span>:</strong> <em>Lmao im cfying he brought Mega Goodevoir to avoid the amp solo</em></div><div class="spacer battle-history"><br></div><div class="battle-history">ND+ Cofagrigus2, come back!<br></div><div class="battle-history">Go! Gliscor 2 (<strong>Glidol</strong>)!<br></div><div class="spacer battle-history"><br></div><div class="battle-history">The opposing Glidol used <strong>Earthquake</strong>!<br></div><div class="battle-history">[Gliscor 2's Feel No Pain]<br><small>It doesn't affect Gliscor 2...</small><br></div><div class="spacer battle-history"><br></div><div class="battle-history">[The opposing Glidol's Feel No Pain]<br><small>The opposing Glidol had its HP restored.</small><br></div><div class="spacer battle-history"><br></div><h2 class="battle-history">Turn 18</h2><div class="spacer battle-history"><br></div><div class="battle-history">The opposing Glidol used <strong>Knock Off</strong>!<br></div><div class="battle-history"><small>(Gliscor 2 lost 15% of its health!)</small><br></div><div class="battle-history"><small>The opposing Glidol knocked off Gliscor 2's Toxic Orb!</small><br></div><div class="spacer battle-history"><br></div><div class="battle-history">Gliscor 2 used <strong>Rapid Spin</strong>!<br></div><div class="battle-history"><small>(The opposing Glidol lost 9% of its health!)</small><br></div><div class="battle-history"><small>Gliscor 2's Speed rose!</small><br></div><div class="battle-history"><small>The spikes disappeared from the ground around your team!</small><br></div><div class="spacer battle-history"><br></div><div class="battle-history">[Gliscor 2's Feel No Pain]<br><small>Gliscor 2 had its HP restored.</small><br></div><div class="battle-history">[The opposing Glidol's Feel No Pain]<br><small>The opposing Glidol had its HP restored.</small><br></div><div class="spacer battle-history"><br></div><h2 class="battle-history">Turn 19</h2><div class="spacer battle-history"><br></div><div class="battle-history">isocon withdrew Glidol!<br></div><div class="battle-history">isocon sent out <strong>Avarupt</strong>!<br></div><div class="chat"><ul class="utilichart"><li class="result"><span class="col pokemonnamecol" style="white-space: nowrap">Avarupt</span> <span class="col typecol"><img src="https://dragonheaven.herokuapp.com/sprites/types/Ice.png" alt="Ice" height="14" width="32"><img src="https://dragonheaven.herokuapp.com/sprites/types/Ground.png" alt="Ground" height="14" width="32"></span> <span style="float: left ; min-height: 26px"><span class="col abilitycol">Permafrost</span><span class="col abilitycol"></span></span></li><li style="clear: both"></li></ul></div><div class="chat"><ul class="utilichart"><li class="result"><span style="float: left ; min-height: 26px"><span class="col statcol"><em>HP</em><br>102</span> <span class="col statcol"><em>Atk</em><br>108</span> <span class="col statcol"><em>Def</em><br>127</span> <span class="col statcol"><em>SpA</em><br>94</span> <span class="col statcol"><em>SpD</em><br>60</span> <span class="col statcol"><em>Spe</em><br>34</span> </span></li><li style="clear: both"></li></ul></div><div class="spacer battle-history"><br></div><div class="battle-history">Gliscor 2 used <strong>Knock Off</strong>!<br></div><div class="battle-history"><small>(The opposing Avarupt lost 10% of its health!)</small><br></div><div class="spacer battle-history"><br></div><div class="battle-history">[Gliscor 2's Feel No Pain]<br><small>Gliscor 2 had its HP restored.</small><br></div><div class="spacer battle-history"><br></div><h2 class="battle-history">Turn 20</h2><div class="spacer battle-history"><br></div><div class="battle-history">Gliscor 2, come back!<br></div><div class="battle-history">Go! Birbsmart (<strong>Mesflame</strong>)!<br></div><div class="chat"><ul class="utilichart"><li class="result"><span class="col pokemonnamecol" style="white-space: nowrap">Mesflame</span> <span class="col typecol"><img src="https://dragonheaven.herokuapp.com/sprites/types/Fire.png" alt="Fire" height="14" width="32"><img src="https://dragonheaven.herokuapp.com/sprites/types/Psychic.png" alt="Psychic" height="14" width="32"></span> <span style="float: left ; min-height: 26px"><span class="col abilitycol">Leviflame</span><span class="col abilitycol"></span></span></li><li style="clear: both"></li></ul></div><div class="chat"><ul class="utilichart"><li class="result"><span style="float: left ; min-height: 26px"><span class="col statcol"><em>HP</em><br>95</span> <span class="col statcol"><em>Atk</em><br>95</span> <span class="col statcol"><em>Def</em><br>95</span> <span class="col statcol"><em>SpA</em><br>95</span> <span class="col statcol"><em>SpD</em><br>95</span> <span class="col statcol"><em>Spe</em><br>104</span> </span></li><li style="clear: both"></li></ul></div><div class="spacer battle-history"><br></div><div class="battle-history"><small>The opposing Avarupt's Cameruptite is reacting to the Key Stone!</small><br>The opposing Avarupt has Mega Evolved into Mega Avarupt!<br></div><div class="chat"><ul class="utilichart"><li class="result"><span class="col pokemonnamecol" style="white-space: nowrap">Avarupt-Mega</span> <span class="col typecol"><img src="https://dragonheaven.herokuapp.com/sprites/types/Ice.png" alt="Ice" height="14" width="32"><img src="https://dragonheaven.herokuapp.com/sprites/types/Ground.png" alt="Ground" height="14" width="32"></span> <span style="float: left ; min-height: 26px"><span class="col abilitycol">Sheer Force</span><span class="col abilitycol"></span></span><span style="float: left ; min-height: 26px"><span class="col statcol"><em>HP</em><br>102</span> <span class="col statcol"><em>Atk</em><br>128</span> <span class="col statcol"><em>Def</em><br>157</span> <span class="col statcol"><em>SpA</em><br>134</span> <span class="col statcol"><em>SpD</em><br>90</span> <span class="col statcol"><em>Spe</em><br>14</span> </span></li><li style="clear: both"></li></ul></div><div class="spacer battle-history"><br></div><div class="battle-history">The opposing Avarupt used <strong>Toxic</strong>!<br></div><div class="battle-history"><small>Birbsmart avoided the attack!</small><br></div><div class="spacer battle-history"><br></div><h2 class="battle-history">Turn 21</h2><div class="chat"><small>+Gekokeso joined</small></div><div class="spacer battle-history"><br></div><div class="battle-history">isocon withdrew Avarupt!<br></div><div class="battle-history">isocon sent out <strong>Kyottler</strong>!<br></div><div class="battle-history">[The opposing Kyottler's Wet Bugs]<br><small>It started to rain!</small><br></div><div class="spacer battle-history"><br></div><div class="battle-history">Birbsmart used <strong>Trick</strong>!<br></div><div class="battle-history"><small>Birbsmart switched items with its target!</small><br></div><div class="battle-history"><small>The opposing Kyottler obtained one Choice Scarf.</small><br></div><div class="battle-history"><small>Birbsmart obtained one Choice Specs.</small><br></div><div class="spacer battle-history"><br></div><div class="battle-history"><small>(Rain continues to fall.)</small><br></div><div class="spacer battle-history"><br></div><h2 class="battle-history">Turn 22</h2><div class="spacer battle-history"><br></div><div class="battle-history">Birbsmart, come back!<br></div><div class="battle-history">Go! Weezking4FEUU (<strong>Volquag</strong>)!<br></div><div class="spacer battle-history"><br></div><div class="battle-history">The opposing Kyottler used <strong>Trick</strong>!<br></div><div class="battle-history"><small>The opposing Kyottler switched items with its target!</small><br></div><div class="battle-history"><small>Weezking4FEUU obtained one Choice Scarf.</small><br></div><div class="battle-history"><small>The opposing Kyottler obtained one Heavy-Duty Boots.</small><br></div><div class="spacer battle-history"><br></div><div class="battle-history"><small>(Rain continues to fall.)</small><br></div><div class="spacer battle-history"><br></div><h2 class="battle-history">Turn 23</h2><div class="spacer battle-history"><br></div><div class="battle-history">Weezking4FEUU used <strong>Scald</strong>!<br></div><div class="battle-history"><small>It's not very effective...</small><br></div><div class="battle-history"><small>(The opposing Kyottler lost 16% of its health!)</small><br></div><div class="spacer battle-history"><br></div><div class="battle-history">The opposing Kyottler used <strong>Thunder</strong>!<br></div><div class="battle-history"><small>It's super effective!</small><br></div><div class="battle-history"><small>(Weezking4FEUU lost 54% of its health!)</small><br></div><div class="spacer battle-history"><br></div><div class="battle-history"><small>(Rain continues to fall.)</small><br></div><div class="spacer battle-history"><br></div><h2 class="battle-history">Turn 24</h2><div class="spacer battle-history"><br></div><div class="battle-history">Weezking4FEUU, come back!<br></div><div class="battle-history">Go! Slime Waifu (<strong>Goodevoir</strong>)!<br></div><div class="chat"><ul class="utilichart"><li class="result"><span class="col pokemonnamecol" style="white-space: nowrap">Goodevoir</span> <span class="col typecol"><img src="https://dragonheaven.herokuapp.com/sprites/types/Dragon.png" alt="Dragon" height="14" width="32"><img src="https://dragonheaven.herokuapp.com/sprites/types/Fairy.png" alt="Fairy" height="14" width="32"></span> <span style="float: left ; min-height: 26px"><span class="col abilitycol">Vengeful Shift</span><span class="col abilitycol"></span></span></li><li style="clear: both"></li></ul></div><div class="chat"><ul class="utilichart"><li class="result"><span style="float: left ; min-height: 26px"><span class="col statcol"><em>HP</em><br>78</span> <span class="col statcol"><em>Atk</em><br>70</span> <span class="col statcol"><em>Def</em><br>59</span> <span class="col statcol"><em>SpA</em><br>124</span> <span class="col statcol"><em>SpD</em><br>114</span> <span class="col statcol"><em>Spe</em><br>80</span> </span></li><li style="clear: both"></li></ul></div><div class="spacer battle-history"><br></div><div class="battle-history">The opposing Kyottler used <strong>Thunder</strong>!<br></div><div class="battle-history"><small>It's not very effective...</small><br></div><div class="battle-history"><small>(Slime Waifu lost 11% of its health!)</small><br></div><div class="spacer battle-history"><br></div><div class="battle-history"><small>(Rain continues to fall.)</small><br></div><div class="battle-history"><small>Slime Waifu restored a little HP using its Leftovers!</small><br></div><div class="spacer battle-history"><br></div><h2 class="battle-history">Turn 25</h2><div class="chat"><small>+ZOOMERCIDE joined</small></div><div class="spacer battle-history"><br></div><div class="battle-history">isocon withdrew Kyottler!<br></div><div class="battle-history">isocon sent out <strong>Tentoxys-Defense</strong>!<br></div><div class="battle-history">[The opposing Tentoxys-Defense's Downpour]<br></div><div class="spacer battle-history"><br></div><div class="battle-history">Slime Waifu used <strong>Wish</strong>!<br></div><div class="spacer battle-history"><br></div><div class="battle-history"><small>The rain stopped.</small><br></div><div class="battle-history"><small>The opposing Tentoxys-Defense restored a little HP using its Leftovers!</small><br></div><div class="battle-history"><small>Slime Waifu restored a little HP using its Leftovers!</small><br></div><div class="battle-history"><small>The opposing Tentoxys-Defense was hurt by its burn!</small><br></div><div class="spacer battle-history"><br></div><h2 class="battle-history">Turn 26</h2><div class="spacer battle-history"><br></div><div class="battle-history">Slime Waifu, come back!<br></div><div class="battle-history">Go! Weezking4FEUU (<strong>Volquag</strong>)!<br></div><div class="spacer battle-history"><br></div><div class="battle-history">The opposing Tentoxys-Defense used <strong>Spikes</strong>!<br></div><div class="battle-history"><small>Spikes were scattered on the ground all around your team!</small><br></div><div class="spacer battle-history"><br></div><div class="battle-history"><small>Slime Waifu's wish came true!</small><br></div><div class="battle-history"><small>The opposing Tentoxys-Defense restored a little HP using its Leftovers!</small><br></div><div class="battle-history"><small>The opposing Tentoxys-Defense was hurt by its burn!</small><br></div><div class="spacer battle-history"><br></div><h2 class="battle-history">Turn 27</h2><div class="spacer battle-history"><br></div><div class="battle-history">Weezking4FEUU, come back!<br></div><div class="battle-history">Go! ND+ Cofagrigus2 (<strong>Porygrigus</strong>)!<br></div><div class="battle-history"><small>ND+ Cofagrigus2 was hurt by the spikes!</small><br></div><div class="battle-history">[ND+ Cofagrigus2's Downpour]<br></div><div class="battle-history">[ND+ Cofagrigus2's Pillage]<br></div><div class="battle-history"><small>ND+ Cofagrigus2 swapped Abilities with its target!</small><br></div><div class="battle-history">[ND+ Cofagrigus2's Downpour]<br></div><div class="battle-history">[The opposing Tentoxys-Defense's Pillage]<br></div><div class="spacer battle-history"><br></div><div class="battle-history">The opposing Tentoxys-Defense used <strong>Sludge Bomb</strong>!<br></div><div class="battle-history">[ND+ Cofagrigus2's Downpour]<br><small>ND+ Cofagrigus2 had its HP restored.</small><br></div><div class="battle-history"><small>It's not very effective...</small><br></div><div class="battle-history"><small>(ND+ Cofagrigus2 lost 14% of its health!)</small><br></div><div class="battle-history"><small>ND+ Cofagrigus2 was poisoned!</small><br></div><div class="spacer battle-history"><br></div><div class="battle-history"><small>The opposing Tentoxys-Defense restored a little HP using its Leftovers!</small><br></div><div class="battle-history"><small>The opposing Tentoxys-Defense was hurt by its burn!</small><br></div><div class="battle-history"><small>ND+ Cofagrigus2 was hurt by poison!</small><br></div><div class="spacer battle-history"><br></div><h2 class="battle-history">Turn 28</h2><div class="spacer battle-history"><br></div><div class="battle-history">isocon withdrew Tentoxys-Defense!<br></div><div class="battle-history">isocon sent out <strong>Glidol</strong>!<br></div><div class="spacer battle-history"><br></div><div class="battle-history">ND+ Cofagrigus2, come back!<br></div><div class="battle-history">Go! Birbsmart (<strong>Mesflame</strong>)!<br></div><div class="spacer battle-history"><br></div><div class="battle-history">[The opposing Glidol's Feel No Pain]<br><small>The opposing Glidol had its HP restored.</small><br></div><div class="spacer battle-history"><br></div><h2 class="battle-history">Turn 29</h2><div class="spacer battle-history"><br></div><div class="battle-history">isocon withdrew Glidol!<br></div><div class="battle-history">isocon sent out <strong>Tentoxys-Defense</strong>!<br></div><div class="battle-history">[The opposing Tentoxys-Defense's Downpour]<br></div><div class="spacer battle-history"><br></div><div class="battle-history">Birbsmart used <strong>Overheat</strong>!<br></div><div class="battle-history">[The opposing Tentoxys-Defense's Downpour]<br><small>The opposing Tentoxys-Defense had its HP restored.</small><br></div><div class="battle-history"><small>The opposing Tentoxys-Defense avoided the attack!</small><br></div><div class="spacer battle-history"><br></div><div class="battle-history"><small>The opposing Tentoxys-Defense was hurt by its burn!</small><br></div><div class="spacer battle-history"><br></div><h2 class="battle-history">Turn 30</h2><div class="spacer battle-history"><br></div><div class="battle-history">Birbsmart, come back!<br></div><div class="battle-history">Go! Weezking4FEUU (<strong>Volquag</strong>)!<br></div><div class="battle-history"><small>Weezking4FEUU was hurt by the spikes!</small><br></div><div class="spacer battle-history"><br></div><div class="battle-history">The opposing Tentoxys-Defense used <strong>Knock Off</strong>!<br></div><div class="battle-history"><small>A critical hit!</small><br></div><div class="battle-history"><small>(Weezking4FEUU lost 9% of its health!)</small><br></div><div class="battle-history"><small>The opposing Tentoxys-Defense knocked off Weezking4FEUU's Choice Scarf!</small><br></div><div class="spacer battle-history"><br></div><div class="battle-history"><small>The opposing Tentoxys-Defense restored a little HP using its Leftovers!</small><br></div><div class="battle-history"><small>The opposing Tentoxys-Defense was hurt by its burn!</small><br></div><div class="spacer battle-history"><br></div><h2 class="battle-history">Turn 31</h2><div class="spacer battle-history"><br></div><div class="battle-history">The opposing Tentoxys-Defense used <strong>Sludge Bomb</strong>!<br></div><div class="battle-history"><small>(Weezking4FEUU lost 24% of its health!)</small><br></div><div class="spacer battle-history"><br></div><div class="battle-history">Weezking4FEUU used <strong>Recover</strong>!<br></div><div class="battle-history"><small>Weezking4FEUU had its HP restored.</small><br></div><div class="spacer battle-history"><br></div><div class="battle-history"><small>The opposing Tentoxys-Defense restored a little HP using its Leftovers!</small><br></div><div class="battle-history"><small>The opposing Tentoxys-Defense was hurt by its burn!</small><br></div><div class="spacer battle-history"><br></div><h2 class="battle-history">Turn 32</h2><div class="spacer battle-history"><br></div><div class="battle-history">Weezking4FEUU, come back!<br></div><div class="battle-history">Go! Gliscor 2 (<strong>Glidol</strong>)!<br></div><div class="spacer battle-history"><br></div><div class="battle-history">The opposing Tentoxys-Defense used <strong>Sludge Bomb</strong>!<br></div><div class="battle-history"><small>It's not very effective...</small><br></div><div class="battle-history"><small>(Gliscor 2 lost 13% of its health!)</small><br></div><div class="spacer battle-history"><br></div><div class="battle-history"><small>The opposing Tentoxys-Defense restored a little HP using its Leftovers!</small><br></div><div class="battle-history"><small>The opposing Tentoxys-Defense was hurt by its burn!</small><br></div><div class="battle-history">[Gliscor 2's Feel No Pain]<br><small>Gliscor 2 had its HP restored.</small><br></div><div class="spacer battle-history"><br></div><h2 class="battle-history">Turn 33</h2><div class="spacer battle-history"><br></div><div class="battle-history">isocon withdrew Tentoxys-Defense!<br></div><div class="battle-history">isocon sent out <strong>Kyottler</strong>!<br></div><div class="battle-history">[The opposing Kyottler's Wet Bugs]<br><small>It started to rain!</small><br></div><div class="spacer battle-history"><br></div><div class="battle-history">Gliscor 2 used <strong>Knock Off</strong>!<br></div><div class="battle-history"><small>(The opposing Kyottler lost 25% of its health!)</small><br></div><div class="battle-history"><small>Gliscor 2 knocked off the opposing Kyottler's Heavy-Duty Boots!</small><br></div><div class="spacer battle-history"><br></div><div class="battle-history"><small>(Rain continues to fall.)</small><br></div><div class="battle-history">[Gliscor 2's Feel No Pain]<br><small>Gliscor 2 had its HP restored.</small><br></div><div class="spacer battle-history"><br></div><h2 class="battle-history">Turn 34</h2><div class="spacer battle-history"><br></div><div class="battle-history">Gliscor 2, come back!<br></div><div class="battle-history">Go! Weezking4FEUU (<strong>Volquag</strong>)!<br></div><div class="battle-history"><small>Weezking4FEUU was hurt by the spikes!</small><br></div><div class="spacer battle-history"><br></div><div class="battle-history">The opposing Kyottler used <strong>Origin Pulse</strong>!<br></div><div class="battle-history">[Weezking4FEUU's Porous]<br><small>Weezking4FEUU had its HP restored.</small><br></div><div class="spacer battle-history"><br></div><div class="battle-history"><small>(Rain continues to fall.)</small><br></div><div class="spacer battle-history"><br></div><h2 class="battle-history">Turn 35</h2><div class="spacer battle-history"><br></div><div class="battle-history">isocon withdrew Kyottler!<br></div><div class="battle-history">isocon sent out <strong>Tentoxys-Defense</strong>!<br></div><div class="battle-history">[The opposing Tentoxys-Defense's Downpour]<br></div><div class="spacer battle-history"><br></div><div class="battle-history">Weezking4FEUU used <strong>Scald</strong>!<br></div><div class="battle-history">[The opposing Tentoxys-Defense's Downpour]<br><small>The opposing Tentoxys-Defense had its HP restored.</small><br></div><div class="battle-history"><small>(The opposing Tentoxys-Defense lost 31% of its health!)</small><br></div><div class="spacer battle-history"><br></div><div class="battle-history"><small>(Rain continues to fall.)</small><br></div><div class="battle-history"><small>The opposing Tentoxys-Defense restored a little HP using its Leftovers!</small><br></div><div class="battle-history"><small>The opposing Tentoxys-Defense was hurt by its burn!</small><br></div><div class="spacer battle-history"><br></div><h2 class="battle-history">Turn 36</h2><div class="spacer battle-history"><br></div><div class="battle-history">Weezking4FEUU, come back!<br></div><div class="battle-history">Go! Gliscor 2 (<strong>Glidol</strong>)!<br></div><div class="spacer battle-history"><br></div><div class="battle-history">The opposing Tentoxys-Defense used <strong>Spikes</strong>!<br></div><div class="battle-history"><small>Spikes were scattered on the ground all around your team!</small><br></div><div class="spacer battle-history"><br></div><div class="battle-history"><small>(Rain continues to fall.)</small><br></div><div class="battle-history"><small>The opposing Tentoxys-Defense restored a little HP using its Leftovers!</small><br></div><div class="battle-history"><small>The opposing Tentoxys-Defense was hurt by its burn!</small><br></div><div class="spacer battle-history"><br></div><h2 class="battle-history">Turn 37</h2><div class="spacer battle-history"><br></div><div class="battle-history">isocon withdrew Tentoxys-Defense!<br></div><div class="battle-history">isocon sent out <strong>Kyottler</strong>!<br></div><div class="spacer battle-history"><br></div><div class="battle-history">Gliscor 2 used <strong>Rapid Spin</strong>!<br></div><div class="battle-history"><small>(The opposing Kyottler lost 12% of its health!)</small><br></div><div class="battle-history"><small>Gliscor 2's Speed rose!</small><br></div><div class="battle-history"><small>The spikes disappeared from the ground around your team!</small><br></div><div class="spacer battle-history"><br></div><div class="battle-history"><small>The rain stopped.</small><br></div><div class="spacer battle-history"><br></div><h2 class="battle-history">Turn 38</h2><div class="spacer battle-history"><br></div><div class="battle-history">Gliscor 2, come back!<br></div><div class="battle-history">Go! Weezking4FEUU (<strong>Volquag</strong>)!<br></div><div class="spacer battle-history"><br></div><div class="battle-history">The opposing Kyottler used <strong>Recover</strong>!<br></div><div class="battle-history"><small>The opposing Kyottler had its HP restored.</small><br></div><div class="spacer battle-history"><br></div><h2 class="battle-history">Turn 39</h2><div class="spacer battle-history"><br></div><div class="battle-history">isocon withdrew Kyottler!<br></div><div class="battle-history">isocon sent out <strong>Tentoxys-Defense</strong>!<br></div><div class="battle-history">[The opposing Tentoxys-Defense's Downpour]<br></div><div class="spacer battle-history"><br></div><div class="battle-history">Weezking4FEUU, come back!<br></div><div class="battle-history">Go! Gliscor 2 (<strong>Glidol</strong>)!<br></div><div class="spacer battle-history"><br></div><div class="battle-history"><small>The opposing Tentoxys-Defense restored a little HP using its Leftovers!</small><br></div><div class="battle-history"><small>The opposing Tentoxys-Defense was hurt by its burn!</small><br></div><div class="spacer battle-history"><br></div><h2 class="battle-history">Turn 40</h2><div class="spacer battle-history"><br></div><div class="battle-history">isocon withdrew Tentoxys-Defense!<br></div><div class="battle-history">isocon sent out <strong>Kyottler</strong>!<br></div><div class="battle-history">[The opposing Kyottler's Wet Bugs]<br><small>It started to rain!</small><br></div><div class="spacer battle-history"><br></div><div class="battle-history">Gliscor 2 used <strong>Knock Off</strong>!<br></div><div class="battle-history"><small>(The opposing Kyottler lost 15% of its health!)</small><br></div><div class="spacer battle-history"><br></div><div class="battle-history"><small>(Rain continues to fall.)</small><br></div><div class="spacer battle-history"><br></div><h2 class="battle-history">Turn 41</h2><div class="chat message-error">isocon has 270 seconds left.</div><div class="chat chatmessage-bobsican"><strong style="color:#b30ed8"><small>☆</small><span class="username" data-name="Bobsican">Bobsican</span>:</strong> <em>This is going to take a while</em></div><div class="spacer battle-history"><br></div><div class="battle-history">Gliscor 2, come back!<br></div><div class="battle-history">Go! Slime Waifu (<strong>Goodevoir</strong>)!<br></div><div class="spacer battle-history"><br></div><div class="battle-history">The opposing Kyottler used <strong>Thunder</strong>!<br></div><div class="battle-history"><small>It's not very effective...</small><br></div><div class="battle-history"><small>(Slime Waifu lost 11% of its health!)</small><br></div><div class="spacer battle-history"><br></div><div class="battle-history"><small>(Rain continues to fall.)</small><br></div><div class="battle-history"><small>Slime Waifu restored a little HP using its Leftovers!</small><br></div><div class="spacer battle-history"><br></div><h2 class="battle-history">Turn 42</h2><div class="chat message-error">isocon has 270 seconds left.</div><div class="spacer battle-history"><br></div><div class="battle-history">Slime Waifu used <strong>Moonblast</strong>!<br></div><div class="battle-history"><small>(The opposing Kyottler lost 34% of its health!)</small><br></div><div class="battle-history"><small>The opposing Kyottler's Sp. Atk fell!</small><br></div><div class="spacer battle-history"><br></div><div class="battle-history">The opposing Kyottler used <strong>Trick</strong>!<br></div><div class="battle-history"><small>The opposing Kyottler switched items with its target!</small><br></div><div class="battle-history"><small>The opposing Kyottler obtained one Leftovers.</small><br></div><div class="spacer battle-history"><br></div><div class="battle-history"><small>(Rain continues to fall.)</small><br></div><div class="battle-history"><small>The opposing Kyottler restored a little HP using its Leftovers!</small><br></div><div class="spacer battle-history"><br></div><h2 class="battle-history">Turn 43</h2><div class="spacer battle-history"><br></div><div class="battle-history">Slime Waifu used <strong>Moonblast</strong>!<br></div><div class="battle-history"><small>A critical hit!</small><br></div><div class="battle-history"><small>(The opposing Kyottler lost 47% of its health!)</small><br></div><div class="spacer battle-history"><br></div><div class="battle-history">The opposing Kyottler used <strong>Recover</strong>!<br></div><div class="battle-history"><small>The opposing Kyottler had its HP restored.</small><br></div><div class="spacer battle-history"><br></div><div class="battle-history"><small>(Rain continues to fall.)</small><br></div><div class="battle-history"><small>The opposing Kyottler restored a little HP using its Leftovers!</small><br></div><div class="spacer battle-history"><br></div><h2 class="battle-history">Turn 44</h2><div class="spacer battle-history"><br></div><div class="battle-history">Slime Waifu used <strong>Moonblast</strong>!<br></div><div class="battle-history"><small>(The opposing Kyottler lost 33% of its health!)</small><br></div><div class="spacer battle-history"><br></div><div class="battle-history">The opposing Kyottler used <strong>Recover</strong>!<br></div><div class="battle-history"><small>The opposing Kyottler had its HP restored.</small><br></div><div class="spacer battle-history"><br></div><div class="battle-history"><small>The rain stopped.</small><br></div><div class="battle-history"><small>The opposing Kyottler restored a little HP using its Leftovers!</small><br></div><div class="spacer battle-history"><br></div><h2 class="battle-history">Turn 45</h2><div class="spacer battle-history"><br></div><div class="battle-history">isocon withdrew Kyottler!<br></div><div class="battle-history">isocon sent out <strong>Tentoxys-Defense</strong>!<br></div><div class="battle-history">[The opposing Tentoxys-Defense's Downpour]<br></div><div class="spacer battle-history"><br></div><div class="battle-history">Slime Waifu used <strong>Moonblast</strong>!<br></div><div class="battle-history">[The opposing Tentoxys-Defense's Downpour]<br><small>The opposing Tentoxys-Defense had its HP restored.</small><br></div><div class="battle-history"><small>It's not very effective...</small><br></div><div class="battle-history"><small>(The opposing Tentoxys-Defense lost 14% of its health!)</small><br></div><div class="spacer battle-history"><br></div><div class="battle-history"><small>The opposing Tentoxys-Defense restored a little HP using its Leftovers!</small><br></div><div class="battle-history"><small>The opposing Tentoxys-Defense was hurt by its burn!</small><br></div><div class="spacer battle-history"><br></div><h2 class="battle-history">Turn 46</h2><div class="spacer battle-history"><br></div><div class="battle-history">Slime Waifu, come back!<br></div><div class="battle-history">Go! Gliscor 2 (<strong>Glidol</strong>)!<br></div><div class="spacer battle-history"><br></div><div class="battle-history">The opposing Tentoxys-Defense used <strong>Sludge Bomb</strong>!<br></div><div class="battle-history"><small>It's not very effective...</small><br></div><div class="battle-history"><small>A critical hit!</small><br></div><div class="battle-history"><small>(Gliscor 2 lost 20% of its health!)</small><br></div><div class="spacer battle-history"><br></div><div class="battle-history"><small>The opposing Tentoxys-Defense restored a little HP using its Leftovers!</small><br></div><div class="battle-history"><small>The opposing Tentoxys-Defense was hurt by its burn!</small><br></div><div class="battle-history">[Gliscor 2's Feel No Pain]<br><small>Gliscor 2 had its HP restored.</small><br></div><div class="spacer battle-history"><br></div><h2 class="battle-history">Turn 47</h2><div class="spacer battle-history"><br></div><div class="battle-history">isocon withdrew Tentoxys-Defense!<br></div><div class="battle-history">isocon sent out <strong>Glidol</strong>!<br></div><div class="spacer battle-history"><br></div><div class="battle-history">Gliscor 2 used <strong>Earthquake</strong>!<br></div><div class="battle-history">[The opposing Glidol's Feel No Pain]<br><small>It doesn't affect the opposing Glidol...</small><br></div><div class="spacer battle-history"><br></div><div class="battle-history">[Gliscor 2's Feel No Pain]<br><small>Gliscor 2 had its HP restored.</small><br></div><div class="spacer battle-history"><br></div><h2 class="battle-history">Turn 48</h2><div class="spacer battle-history"><br></div><div class="battle-history">The opposing Glidol used <strong>Knock Off</strong>!<br></div><div class="battle-history"><small>(Gliscor 2 lost 10% of its health!)</small><br></div><div class="spacer battle-history"><br></div><div class="battle-history">Gliscor 2 used <strong>Knock Off</strong>!<br></div><div class="battle-history"><small>(The opposing Glidol lost 16% of its health!)</small><br></div><div class="battle-history"><small>Gliscor 2 knocked off the opposing Glidol's Toxic Orb!</small><br></div><div class="spacer battle-history"><br></div><div class="battle-history">[Gliscor 2's Feel No Pain]<br><small>Gliscor 2 had its HP restored.</small><br></div><div class="battle-history">[The opposing Glidol's Feel No Pain]<br><small>The opposing Glidol had its HP restored.</small><br></div><div class="spacer battle-history"><br></div><h2 class="battle-history">Turn 49</h2><div class="spacer battle-history"><br></div><div class="battle-history">The opposing Glidol used <strong>Rapid Spin</strong>!<br></div><div class="battle-history"><small>(Gliscor 2 lost 8% of its health!)</small><br></div><div class="battle-history"><small>The opposing Glidol's Speed rose!</small><br></div><div class="spacer battle-history"><br></div><div class="battle-history">Gliscor 2 used <strong>Knock Off</strong>!<br></div><div class="battle-history"><small>(The opposing Glidol lost 12% of its health!)</small><br></div><div class="spacer battle-history"><br></div><div class="battle-history">[The opposing Glidol's Feel No Pain]<br><small>The opposing Glidol had its HP restored.</small><br></div><div class="battle-history">[Gliscor 2's Feel No Pain]<br><small>Gliscor 2 had its HP restored.</small><br></div><div class="spacer battle-history"><br></div><h2 class="battle-history">Turn 50</h2><div class="spacer battle-history"><br></div><div class="battle-history">isocon withdrew Glidol!<br></div><div class="battle-history">isocon sent out Avarupt (<strong>Avarupt-Mega</strong>)!<br></div><div class="spacer battle-history"><br></div><div class="battle-history">Gliscor 2, come back!<br></div><div class="battle-history">Go! Goofy (<strong>Igglyzenta-Crowned</strong>)!<br></div><div class="battle-history">[Goofy's Friend Shield]<br></div><div class="battle-history"><small>Goofy's Defense rose!</small><br></div><div class="battle-history"><small>Goofy's Sp. Def rose!</small><br></div><div class="spacer battle-history"><br></div><h2 class="battle-history">Turn 51</h2><div class="spacer battle-history"><br></div><div class="battle-history">isocon withdrew Avarupt!<br></div><div class="battle-history">isocon sent out <strong>Glidol</strong>!<br></div><div class="spacer battle-history"><br></div><div class="battle-history">Goofy used <strong>Protect</strong>!<br></div><div class="battle-history"><small>But it failed!</small><br></div><div class="spacer battle-history"><br></div><div class="battle-history">[The opposing Glidol's Feel No Pain]<br><small>The opposing Glidol had its HP restored.</small><br></div><div class="spacer battle-history"><br></div><h2 class="battle-history">Turn 52</h2><div class="spacer battle-history"><br></div><div class="battle-history">Goofy, come back!<br></div><div class="battle-history">Go! Gliscor 2 (<strong>Glidol</strong>)!<br></div><div class="spacer battle-history"><br></div><div class="battle-history">The opposing Glidol used <strong>Rapid Spin</strong>!<br></div><div class="battle-history"><small>(Gliscor 2 lost 9% of its health!)</small><br></div><div class="battle-history"><small>The opposing Glidol's Speed rose!</small><br></div><div class="spacer battle-history"><br></div><div class="battle-history">[Gliscor 2's Feel No Pain]<br><small>Gliscor 2 had its HP restored.</small><br></div><div class="spacer battle-history"><br></div><h2 class="battle-history">Turn 53</h2><div class="spacer battle-history"><br></div><div class="battle-history">isocon withdrew Glidol!<br></div><div class="battle-history">isocon sent out Avarupt (<strong>Avarupt-Mega</strong>)!<br></div><div class="spacer battle-history"><br></div><div class="battle-history">Gliscor 2, come back!<br></div><div class="battle-history">Go! ND+ Cofagrigus2 (<strong>Porygrigus</strong>)!<br></div><div class="battle-history">[ND+ Cofagrigus2's Pillage]<br></div><div class="battle-history"><small>ND+ Cofagrigus2 swapped Abilities with its target!</small><br></div><div class="battle-history">[ND+ Cofagrigus2's Sheer Force]<br></div><div class="battle-history">[The opposing Avarupt's Pillage]<br></div><div class="spacer battle-history"><br></div><div class="battle-history"><small>ND+ Cofagrigus2 was hurt by poison!</small><br></div><div class="spacer battle-history"><br></div><h2 class="battle-history">Turn 54</h2><div class="spacer battle-history"><br></div><div class="battle-history">ND+ Cofagrigus2, come back!<br></div><div class="battle-history">Go! Slime Waifu (<strong>Goodevoir</strong>)!<br></div><div class="spacer battle-history"><br></div><div class="battle-history">isocon withdrew Avarupt!<br></div><div class="battle-history">isocon sent out <strong>Glidol</strong>!<br></div><div class="spacer battle-history"><br></div><h2 class="battle-history">Turn 55</h2><div class="spacer battle-history"><br></div><div class="battle-history">isocon withdrew Glidol!<br></div><div class="battle-history">isocon sent out <strong>Tentoxys-Defense</strong>!<br></div><div class="battle-history">[The opposing Tentoxys-Defense's Downpour]<br></div><div class="spacer battle-history"><br></div><div class="battle-history">Slime Waifu used <strong>Wish</strong>!<br></div><div class="spacer battle-history"><br></div><div class="battle-history"><small>The opposing Tentoxys-Defense restored a little HP using its Leftovers!</small><br></div><div class="battle-history"><small>The opposing Tentoxys-Defense was hurt by its burn!</small><br></div><div class="spacer battle-history"><br></div><h2 class="battle-history">Turn 56</h2><div class="spacer battle-history"><br></div><div class="battle-history">Slime Waifu, come back!<br></div><div class="battle-history">Go! ND+ Cofagrigus2 (<strong>Porygrigus</strong>)!<br></div><div class="battle-history">[ND+ Cofagrigus2's Downpour]<br></div><div class="battle-history">[ND+ Cofagrigus2's Pillage]<br></div><div class="battle-history"><small>ND+ Cofagrigus2 swapped Abilities with its target!</small><br></div><div class="battle-history">[ND+ Cofagrigus2's Downpour]<br></div><div class="battle-history">[The opposing Tentoxys-Defense's Pillage]<br></div><div class="spacer battle-history"><br></div><div class="battle-history">The opposing Tentoxys-Defense used <strong>Recover</strong>!<br></div><div class="battle-history"><small>The opposing Tentoxys-Defense had its HP restored.</small><br></div><div class="spacer battle-history"><br></div><div class="battle-history"><small>Slime Waifu's wish came true!</small><br></div><div class="battle-history"><small>The opposing Tentoxys-Defense was hurt by its burn!</small><br></div><div class="battle-history"><small>ND+ Cofagrigus2 was hurt by poison!</small><br></div><div class="spacer battle-history"><br></div><h2 class="battle-history">Turn 57</h2><div class="spacer battle-history"><br></div><div class="battle-history">isocon withdrew Tentoxys-Defense!<br></div><div class="battle-history">isocon sent out <strong>Glidol</strong>!<br></div><div class="spacer battle-history"><br></div><div class="battle-history">ND+ Cofagrigus2, come back!<br></div><div class="battle-history">Go! Gliscor 2 (<strong>Glidol</strong>)!<br></div><div class="spacer battle-history"><br></div><h2 class="battle-history">Turn 58</h2><div class="chat"><small>+Gekokeso left</small></div><div class="spacer battle-history"><br></div><div class="battle-history">Gliscor 2, come back!<br></div><div class="battle-history">Go! ND+ Cofagrigus2 (<strong>Porygrigus</strong>)!<br></div><div class="battle-history">[ND+ Cofagrigus2's Pillage]<br></div><div class="battle-history"><small>ND+ Cofagrigus2 swapped Abilities with its target!</small><br></div><div class="battle-history">[ND+ Cofagrigus2's Feel No Pain]<br></div><div class="battle-history">[The opposing Glidol's Pillage]<br></div><div class="spacer battle-history"><br></div><div class="battle-history">isocon withdrew Glidol!<br></div><div class="battle-history">isocon sent out Avarupt (<strong>Avarupt-Mega</strong>)!<br></div><div class="spacer battle-history"><br></div><div class="battle-history">[ND+ Cofagrigus2's Feel No Pain]<br><small>ND+ Cofagrigus2 had its HP restored.</small><br></div><div class="spacer battle-history"><br></div><h2 class="battle-history">Turn 59</h2><div class="spacer battle-history"><br></div><div class="battle-history">ND+ Cofagrigus2, come back!<br></div><div class="battle-history">Go! Birbsmart (<strong>Mesflame</strong>)!<br></div><div class="spacer battle-history"><br></div><div class="battle-history">isocon withdrew Avarupt!<br></div><div class="battle-history">isocon sent out <strong>Glidol</strong>!<br></div><div class="spacer battle-history"><br></div><h2 class="battle-history">Turn 60</h2><div class="spacer battle-history"><br></div><div class="battle-history">isocon withdrew Glidol!<br></div><div class="battle-history">isocon sent out <strong>Kyottler</strong>!<br></div><div class="battle-history">[The opposing Kyottler's Wet Bugs]<br><small>It started to rain!</small><br></div><div class="spacer battle-history"><br></div><div class="battle-history">Birbsmart, come back!<br></div><div class="battle-history">Go! Gliscor 2 (<strong>Glidol</strong>)!<br></div><div class="spacer battle-history"><br></div><div class="battle-history"><small>(Rain continues to fall.)</small><br></div><div class="battle-history"><small>The opposing Kyottler restored a little HP using its Leftovers!</small><br></div><div class="spacer battle-history"><br></div><h2 class="battle-history">Turn 61</h2><div class="spacer battle-history"><br></div><div class="battle-history">Gliscor 2, come back!<br></div><div class="battle-history">Go! Slime Waifu (<strong>Goodevoir</strong>)!<br></div><div class="spacer battle-history"><br></div><div class="battle-history">The opposing Kyottler used <strong>Thunder</strong>!<br></div><div class="battle-history"><small>It's not very effective...</small><br></div><div class="battle-history"><small>(Slime Waifu lost 11% of its health!)</small><br></div><div class="spacer battle-history"><br></div><div class="battle-history"><small>(Rain continues to fall.)</small><br></div><div class="battle-history"><small>The opposing Kyottler restored a little HP using its Leftovers!</small><br></div><div class="spacer battle-history"><br></div><h2 class="battle-history">Turn 62</h2><div class="spacer battle-history"><br></div><div class="battle-history">isocon withdrew Kyottler!<br></div><div class="battle-history">isocon sent out <strong>Jirachonator</strong>!<br></div><div class="chat"><ul class="utilichart"><li class="result"><span class="col pokemonnamecol" style="white-space: nowrap">Jirachonator</span> <span class="col typecol"><img src="https://dragonheaven.herokuapp.com/sprites/types/Steel.png" alt="Steel" height="14" width="32"><img src="https://dragonheaven.herokuapp.com/sprites/types/Dragon.png" alt="Dragon" height="14" width="32"></span> <span style="float: left ; min-height: 26px"><span class="col abilitycol">Shield Dust</span><span class="col abilitycol"></span></span></li><li style="clear: both"></li></ul></div><div class="chat"><ul class="utilichart"><li class="result"><span style="float: left ; min-height: 26px"><span class="col statcol"><em>HP</em><br>90</span> <span class="col statcol"><em>Atk</em><br>89</span> <span class="col statcol"><em>Def</em><br>117</span> <span class="col statcol"><em>SpA</em><br>115</span> <span class="col statcol"><em>SpD</em><br>102</span> <span class="col statcol"><em>Spe</em><br>68</span> </span></li><li style="clear: both"></li></ul></div><div class="spacer battle-history"><br></div><div class="battle-history">Slime Waifu used <strong>Heal Bell</strong>!<br></div><div class="battle-history"><small>A bell chimed!</small><br></div><div class="battle-history"><small>Gliscor 2 was cured of its poisoning!</small><br></div><div class="battle-history"><small>ND+ Cofagrigus2 was cured of its poisoning!</small><br></div><div class="spacer battle-history"><br></div><div class="battle-history"><small>(Rain continues to fall.)</small><br></div><div class="spacer battle-history"><br></div><h2 class="battle-history">Turn 63</h2><div class="spacer battle-history"><br></div><div class="battle-history">Slime Waifu, come back!<br></div><div class="battle-history">Go! Weezking4FEUU (<strong>Volquag</strong>)!<br></div><div class="spacer battle-history"><br></div><div class="battle-history">The opposing Jirachonator used <strong>Stealth Rock</strong>!<br></div><div class="battle-history"><small>Pointed stones float in the air around your team!</small><br></div><div class="spacer battle-history"><br></div><div class="battle-history"><small>(Rain continues to fall.)</small><br></div><div class="spacer battle-history"><br></div><h2 class="battle-history">Turn 64</h2><div class="spacer battle-history"><br></div><div class="battle-history">isocon withdrew Jirachonator!<br></div><div class="battle-history">isocon sent out <strong>Tentoxys-Defense</strong>!<br></div><div class="battle-history">[The opposing Tentoxys-Defense's Downpour]<br></div><div class="spacer battle-history"><br></div><div class="battle-history">Weezking4FEUU used <strong>Flamethrower</strong>!<br></div><div class="battle-history">[The opposing Tentoxys-Defense's Downpour]<br><small>The opposing Tentoxys-Defense had its HP restored.</small><br></div><div class="battle-history"><small>(The opposing Tentoxys-Defense lost 11% of its health!)</small><br></div><div class="spacer battle-history"><br></div><div class="battle-history"><small>The rain stopped.</small><br></div><div class="battle-history"><small>The opposing Tentoxys-Defense restored a little HP using its Leftovers!</small><br></div><div class="battle-history"><small>The opposing Tentoxys-Defense was hurt by its burn!</small><br></div><div class="spacer battle-history"><br></div><h2 class="battle-history">Turn 65</h2><div class="chat"><small>+G-Luke left</small></div><div class="spacer battle-history"><br></div><div class="battle-history">Weezking4FEUU, come back!<br></div><div class="battle-history">Go! Gliscor 2 (<strong>Glidol</strong>)!<br></div><div class="battle-history"><small>Pointed stones dug into Gliscor 2!</small><br></div><div class="spacer battle-history"><br></div><div class="battle-history">The opposing Tentoxys-Defense used <strong>Knock Off</strong>!<br></div><div class="battle-history"><small>(Gliscor 2 lost 4% of its health!)</small><br></div><div class="spacer battle-history"><br></div><div class="battle-history"><small>The opposing Tentoxys-Defense restored a little HP using its Leftovers!</small><br></div><div class="battle-history"><small>The opposing Tentoxys-Defense was hurt by its burn!</small><br></div><div class="spacer battle-history"><br></div><h2 class="battle-history">Turn 66</h2><div class="chat chatmessage-zxgzxg"><strong style="color:#8f19ef"><small>+</small><span class="username" data-name="zxgzxg">zxgzxg</span>:</strong> <em>are ya winning son</em></div><div class="spacer battle-history"><br></div><div class="battle-history">isocon withdrew Tentoxys-Defense!<br></div><div class="battle-history">isocon sent out Avarupt (<strong>Avarupt-Mega</strong>)!<br></div><div class="spacer battle-history"><br></div><div class="battle-history">Gliscor 2 used <strong>Rapid Spin</strong>!<br></div><div class="battle-history"><small>(The opposing Avarupt lost 6% of its health!)</small><br></div><div class="battle-history"><small>Gliscor 2's Speed rose!</small><br></div><div class="battle-history"><small>The pointed stones disappeared from around your team!</small><br></div><div class="spacer battle-history"><br></div><h2 class="battle-history">Turn 67</h2><div class="spacer battle-history"><br></div><div class="battle-history">Gliscor 2, come back!<br></div><div class="battle-history">Go! Slime Waifu (<strong>Goodevoir</strong>)!<br></div><div class="spacer battle-history"><br></div><div class="battle-history">The opposing Avarupt used <strong>Ice Beam</strong>!<br></div><div class="battle-history"><small>It's super effective!</small><br></div><div class="battle-history"><small>(Slime Waifu lost 84% of its health!)</small><br></div><div class="spacer battle-history"><br></div><div class="battle-history">Slime Waifu fainted!<br></div><div class="spacer battle-history"><br></div><div class="battle-history">Go! Birbsmart (<strong>Mesflame</strong>)!<br></div><div class="spacer battle-history"><br></div><h2 class="battle-history">Turn 68</h2><div class="spacer battle-history"><br></div><div class="battle-history">isocon withdrew Avarupt!<br></div><div class="battle-history">isocon sent out <strong>Tentoxys-Defense</strong>!<br></div><div class="battle-history">[The opposing Tentoxys-Defense's Downpour]<br></div><div class="spacer battle-history"><br></div><div class="battle-history">Birbsmart used <strong>Trick</strong>!<br></div><div class="battle-history">[The opposing Tentoxys-Defense's Downpour]<br><small>The opposing Tentoxys-Defense had its HP restored.</small><br></div><div class="battle-history"><small>Birbsmart switched items with its target!</small><br></div><div class="battle-history"><small>The opposing Tentoxys-Defense obtained one Choice Specs.</small><br></div><div class="battle-history"><small>Birbsmart obtained one Leftovers.</small><br></div><div class="spacer battle-history"><br></div><div class="battle-history"><small>The opposing Tentoxys-Defense was hurt by its burn!</small><br></div><div class="spacer battle-history"><br></div><h2 class="battle-history">Turn 69</h2><div class="spacer battle-history"><br></div><div class="battle-history">Birbsmart, come back!<br></div><div class="battle-history">Go! ND+ Cofagrigus2 (<strong>Porygrigus</strong>)!<br></div><div class="battle-history">[ND+ Cofagrigus2's Downpour]<br></div><div class="battle-history">[ND+ Cofagrigus2's Pillage]<br></div><div class="battle-history"><small>ND+ Cofagrigus2 swapped Abilities with its target!</small><br></div><div class="battle-history">[ND+ Cofagrigus2's Downpour]<br></div><div class="battle-history">[The opposing Tentoxys-Defense's Pillage]<br></div><div class="spacer battle-history"><br></div><div class="battle-history">The opposing Tentoxys-Defense used <strong>Knock Off</strong>!<br></div><div class="battle-history"><small>It's super effective!</small><br></div><div class="battle-history"><small>(ND+ Cofagrigus2 lost 7% of its health!)</small><br></div><div class="spacer battle-history"><br></div><div class="battle-history"><small>The opposing Tentoxys-Defense was hurt by its burn!</small><br></div><div class="spacer battle-history"><br></div><h2 class="battle-history">Turn 70</h2><div class="spacer battle-history"><br></div><div class="battle-history">isocon withdrew Tentoxys-Defense!<br></div><div class="battle-history">isocon sent out <strong>Glidol</strong>!<br></div><div class="spacer battle-history"><br></div><div class="battle-history">ND+ Cofagrigus2, come back!<br></div><div class="battle-history">Go! Gliscor 2 (<strong>Glidol</strong>)!<br></div><div class="spacer battle-history"><br></div><h2 class="battle-history">Turn 71</h2><div class="spacer battle-history"><br></div><div class="battle-history">isocon withdrew Glidol!<br></div><div class="battle-history">isocon sent out Avarupt (<strong>Avarupt-Mega</strong>)!<br></div><div class="spacer battle-history"><br></div><div class="battle-history">Gliscor 2, come back!<br></div><div class="battle-history">Go! ND+ Cofagrigus2 (<strong>Porygrigus</strong>)!<br></div><div class="battle-history">[ND+ Cofagrigus2's Pillage]<br></div><div class="battle-history"><small>ND+ Cofagrigus2 swapped Abilities with its target!</small><br></div><div class="battle-history">[ND+ Cofagrigus2's Sheer Force]<br></div><div class="battle-history">[The opposing Avarupt's Pillage]<br></div><div class="spacer battle-history"><br></div><h2 class="battle-history">Turn 72</h2><div class="spacer battle-history"><br></div><div class="battle-history">ND+ Cofagrigus2, come back!<br></div><div class="battle-history">Go! Birbsmart (<strong>Mesflame</strong>)!<br></div><div class="spacer battle-history"><br></div><div class="battle-history">The opposing Avarupt used <strong>Toxic</strong>!<br></div><div class="battle-history"><small>Birbsmart was badly poisoned!</small><br></div><div class="spacer battle-history"><br></div><div class="battle-history"><small>Birbsmart was hurt by poison!</small><br></div><div class="spacer battle-history"><br></div><h2 class="battle-history">Turn 73</h2><div class="spacer battle-history"><br></div><div class="battle-history">isocon withdrew Avarupt!<br></div><div class="battle-history">isocon sent out <strong>Tentoxys-Defense</strong>!<br></div><div class="battle-history">[The opposing Tentoxys-Defense's Downpour]<br></div><div class="spacer battle-history"><br></div><div class="battle-history">Birbsmart used <strong>Psychic</strong>!<br></div><div class="battle-history">[The opposing Tentoxys-Defense's Downpour]<br><small>The opposing Tentoxys-Defense had its HP restored.</small><br></div><div class="battle-history"><small>(The opposing Tentoxys-Defense lost 21% of its health!)</small><br></div><div class="spacer battle-history"><br></div><div class="battle-history"><small>Birbsmart restored a little HP using its Leftovers!</small><br></div><div class="battle-history"><small>The opposing Tentoxys-Defense was hurt by its burn!</small><br></div><div class="battle-history"><small>Birbsmart was hurt by poison!</small><br></div><div class="spacer battle-history"><br></div><h2 class="battle-history">Turn 74</h2><div class="chat"><small>+G-Luke joined</small></div><div class="spacer battle-history"><br></div><div class="battle-history">isocon withdrew Tentoxys-Defense!<br></div><div class="battle-history">isocon sent out <strong>Kyottler</strong>!<br></div><div class="battle-history">[The opposing Kyottler's Wet Bugs]<br><small>It started to rain!</small><br></div><div class="spacer battle-history"><br></div><div class="battle-history">Birbsmart, come back!<br></div><div class="battle-history">Go! Gliscor 2 (<strong>Glidol</strong>)!<br></div><div class="spacer battle-history"><br></div><div class="battle-history"><small>(Rain continues to fall.)</small><br></div><div class="spacer battle-history"><br></div><h2 class="battle-history">Turn 75</h2><div class="spacer battle-history"><br></div><div class="battle-history">Gliscor 2, come back!<br></div><div class="battle-history">Go! Goofy (<strong>Igglyzenta-Crowned</strong>)!<br></div><div class="battle-history">[Goofy's Friend Shield]<br></div><div class="battle-history"><small>Goofy's Defense rose!</small><br></div><div class="battle-history"><small>Goofy's Sp. Def rose!</small><br></div><div class="spacer battle-history"><br></div><div class="battle-history">The opposing Kyottler used <strong>Origin Pulse</strong>!<br></div><div class="battle-history"><small>(Goofy lost 47% of its health!)</small><br></div><div class="spacer battle-history"><br></div><div class="battle-history"><small>(Rain continues to fall.)</small><br></div><div class="spacer battle-history"><br></div><h2 class="battle-history">Turn 76</h2><div class="spacer battle-history"><br></div><div class="battle-history">Goofy used <strong>Wish</strong>!<br></div><div class="spacer battle-history"><br></div><div class="battle-history">The opposing Kyottler used <strong>Thunder</strong>!<br></div><div class="battle-history"><small>(Goofy lost 23% of its health!)</small><br></div><div class="spacer battle-history"><br></div><div class="battle-history"><small>(Rain continues to fall.)</small><br></div><div class="spacer battle-history"><br></div><h2 class="battle-history">Turn 77</h2><div class="spacer battle-history"><br></div><div class="battle-history">isocon withdrew Kyottler!<br></div><div class="battle-history">isocon sent out <strong>Jirachonator</strong>!<br></div><div class="spacer battle-history"><br></div><div class="battle-history">Goofy used <strong>Protect</strong>!<br></div><div class="battle-history"><small>But it failed!</small><br></div><div class="spacer battle-history"><br></div><div class="battle-history"><small>(Rain continues to fall.)</small><br></div><div class="battle-history"><small>Goofy's wish came true!</small><br></div><div class="spacer battle-history"><br></div><h2 class="battle-history">Turn 78</h2><div class="spacer battle-history"><br></div><div class="battle-history">Goofy used <strong>Play Rough</strong>!<br></div><div class="battle-history"><small>(The opposing Jirachonator lost 26% of its health!)</small><br></div><div class="spacer battle-history"><br></div><div class="battle-history">The opposing Jirachonator used <strong>Stealth Rock</strong>!<br></div><div class="battle-history"><small>Pointed stones float in the air around your team!</small><br></div><div class="spacer battle-history"><br></div><div class="battle-history"><small>The rain stopped.</small><br></div><div class="battle-history"><small>The opposing Jirachonator restored a little HP using its Leftovers!</small><br></div><div class="spacer battle-history"><br></div><h2 class="battle-history">Turn 79</h2><div class="spacer battle-history"><br></div><div class="battle-history">The opposing Jirachonator used <strong>Protect</strong>!<br></div><div class="battle-history"><small>The opposing Jirachonator protected itself!</small><br></div><div class="spacer battle-history"><br></div><div class="battle-history">Goofy used <strong>Wish</strong>!<br></div><div class="spacer battle-history"><br></div><div class="battle-history"><small>The opposing Jirachonator restored a little HP using its Leftovers!</small><br></div><div class="spacer battle-history"><br></div><h2 class="battle-history">Turn 80</h2><div class="spacer battle-history"><br></div><div class="battle-history">isocon withdrew Jirachonator!<br></div><div class="battle-history">isocon sent out <strong>Glidol</strong>!<br></div><div class="spacer battle-history"><br></div><div class="battle-history">Goofy used <strong>Play Rough</strong>!<br></div><div class="battle-history"><small>(The opposing Glidol lost 26% of its health!)</small><br></div><div class="spacer battle-history"><br></div><div class="battle-history"><small>Goofy's wish came true!</small><br></div><div class="battle-history">[The opposing Glidol's Feel No Pain]<br><small>The opposing Glidol had its HP restored.</small><br></div><div class="spacer battle-history"><br></div><h2 class="battle-history">Turn 81</h2><div class="spacer battle-history"><br></div><div class="battle-history">Goofy, come back!<br></div><div class="battle-history">Go! Gliscor 2 (<strong>Glidol</strong>)!<br></div><div class="battle-history"><small>Pointed stones dug into Gliscor 2!</small><br></div><div class="spacer battle-history"><br></div><div class="battle-history">The opposing Glidol used <strong>Earthquake</strong>!<br></div><div class="battle-history">[Gliscor 2's Feel No Pain]<br><small>It doesn't affect Gliscor 2...</small><br></div><div class="spacer battle-history"><br></div><div class="battle-history">[The opposing Glidol's Feel No Pain]<br><small>The opposing Glidol had its HP restored.</small><br></div><div class="spacer battle-history"><br></div><h2 class="battle-history">Turn 82</h2><div class="spacer battle-history"><br></div><div class="battle-history">isocon withdrew Glidol!<br></div><div class="battle-history">isocon sent out Avarupt (<strong>Avarupt-Mega</strong>)!<br></div><div class="spacer battle-history"><br></div><div class="battle-history">Gliscor 2 used <strong>Rapid Spin</strong>!<br></div><div class="battle-history"><small>(The opposing Avarupt lost 7% of its health!)</small><br></div><div class="battle-history"><small>Gliscor 2's Speed rose!</small><br></div><div class="battle-history"><small>The pointed stones disappeared from around your team!</small><br></div><div class="spacer battle-history"><br></div><h2 class="battle-history">Turn 83</h2><div class="spacer battle-history"><br></div><div class="battle-history">Gliscor 2, come back!<br></div><div class="battle-history">Go! Birbsmart (<strong>Mesflame</strong>)!<br></div><div class="spacer battle-history"><br></div><div class="battle-history">The opposing Avarupt used <strong>Recover</strong>!<br></div><div class="battle-history"><small>The opposing Avarupt had its HP restored.</small><br></div><div class="spacer battle-history"><br></div><div class="battle-history"><small>Birbsmart restored a little HP using its Leftovers!</small><br></div><div class="battle-history"><small>Birbsmart was hurt by poison!</small><br></div><div class="spacer battle-history"><br></div><h2 class="battle-history">Turn 84</h2><div class="spacer battle-history"><br></div><div class="battle-history">isocon withdrew Avarupt!<br></div><div class="battle-history">isocon sent out <strong>Glidol</strong>!<br></div><div class="spacer battle-history"><br></div><div class="battle-history">Birbsmart used <strong>Overheat</strong>!<br></div><div class="battle-history"><small>A critical hit!</small><br></div><div class="battle-history"><small>(The opposing Glidol lost 59% of its health!)</small><br></div><div class="battle-history"><small>Birbsmart's Sp. Atk fell harshly!</small><br></div><div class="spacer battle-history"><br></div><div class="battle-history"><small>Birbsmart restored a little HP using its Leftovers!</small><br></div><div class="battle-history">[The opposing Glidol's Feel No Pain]<br><small>The opposing Glidol had its HP restored.</small><br></div><div class="battle-history"><small>Birbsmart was hurt by poison!</small><br></div><div class="spacer battle-history"><br></div><h2 class="battle-history">Turn 85</h2><div class="spacer battle-history"><br></div><div class="battle-history">Birbsmart, come back!<br></div><div class="battle-history">Go! Gliscor 2 (<strong>Glidol</strong>)!<br></div><div class="spacer battle-history"><br></div><div class="battle-history">The opposing Glidol used <strong>Roost</strong>!<br></div><div class="battle-history"><small>The opposing Glidol had its HP restored.</small><br></div><div class="battle-history"><small>(The opposing Glidol loses Flying type this turn.)</small><br></div><div class="spacer battle-history"><br></div><h2 class="battle-history">Turn 86</h2><div class="spacer battle-history"><br></div><div class="battle-history">isocon withdrew Glidol!<br></div><div class="battle-history">isocon sent out Avarupt (<strong>Avarupt-Mega</strong>)!<br></div><div class="spacer battle-history"><br></div><div class="battle-history">Gliscor 2 used <strong>Knock Off</strong>!<br></div><div class="battle-history"><small>(The opposing Avarupt lost 7% of its health!)</small><br></div><div class="spacer battle-history"><br></div><h2 class="battle-history">Turn 87</h2><div class="spacer battle-history"><br></div><div class="battle-history">Gliscor 2, come back!<br></div><div class="battle-history">Go! Birbsmart (<strong>Mesflame</strong>)!<br></div><div class="spacer battle-history"><br></div><div class="battle-history">The opposing Avarupt used <strong>Earth Power</strong>!<br></div><div class="battle-history">[Birbsmart's Leviflame]<br><small>It doesn't affect Birbsmart...</small><br></div><div class="spacer battle-history"><br></div><div class="battle-history"><small>Birbsmart restored a little HP using its Leftovers!</small><br></div><div class="battle-history"><small>Birbsmart was hurt by poison!</small><br></div><div class="spacer battle-history"><br></div><h2 class="battle-history">Turn 88</h2><div class="spacer battle-history"><br></div><div class="battle-history">Birbsmart, come back!<br></div><div class="battle-history">Go! ND+ Cofagrigus2 (<strong>Porygrigus</strong>)!<br></div><div class="battle-history">[ND+ Cofagrigus2's Pillage]<br></div><div class="battle-history"><small>ND+ Cofagrigus2 swapped Abilities with its target!</small><br></div><div class="battle-history">[ND+ Cofagrigus2's Sheer Force]<br></div><div class="battle-history">[The opposing Avarupt's Pillage]<br></div><div class="spacer battle-history"><br></div><div class="battle-history">isocon withdrew Avarupt!<br></div><div class="battle-history">isocon sent out <strong>Glidol</strong>!<br></div><div class="spacer battle-history"><br></div><h2 class="battle-history">Turn 89</h2><div class="spacer battle-history"><br></div><div class="battle-history">The opposing Glidol used <strong>Knock Off</strong>!<br></div><div class="battle-history"><small>It's super effective!</small><br></div><div class="battle-history"><small>(ND+ Cofagrigus2 lost 19% of its health!)</small><br></div><div class="spacer battle-history"><br></div><div class="battle-history">ND+ Cofagrigus2 used <strong>Shadow Ball</strong>!<br></div><div class="battle-history"><small>(The opposing Glidol lost 33% of its health!)</small><br></div><div class="spacer battle-history"><br></div><div class="battle-history">[The opposing Glidol's Feel No Pain]<br><small>The opposing Glidol had its HP restored.</small><br></div><div class="spacer battle-history"><br></div><h2 class="battle-history">Turn 90</h2><div class="spacer battle-history"><br></div><div class="battle-history">The opposing Glidol used <strong>Knock Off</strong>!<br></div><div class="battle-history"><small>It's super effective!</small><br></div><div class="battle-history"><small>(ND+ Cofagrigus2 lost 19% of its health!)</small><br></div><div class="spacer battle-history"><br></div><div class="battle-history">ND+ Cofagrigus2 used <strong>Shadow Ball</strong>!<br></div><div class="battle-history"><small>(The opposing Glidol lost 34% of its health!)</small><br></div><div class="spacer battle-history"><br></div><div class="battle-history">[The opposing Glidol's Feel No Pain]<br><small>The opposing Glidol had its HP restored.</small><br></div><div class="spacer battle-history"><br></div><h2 class="battle-history">Turn 91</h2><div class="spacer battle-history"><br></div><div class="battle-history">The opposing Glidol used <strong>Knock Off</strong>!<br></div><div class="battle-history"><small>It's super effective!</small><br></div><div class="battle-history"><small>(ND+ Cofagrigus2 lost 18% of its health!)</small><br></div><div class="spacer battle-history"><br></div><div class="battle-history">ND+ Cofagrigus2 used <strong>Recover</strong>!<br></div><div class="battle-history"><small>ND+ Cofagrigus2 had its HP restored.</small><br></div><div class="spacer battle-history"><br></div><div class="battle-history">[The opposing Glidol's Feel No Pain]<br><small>The opposing Glidol had its HP restored.</small><br></div><div class="spacer battle-history"><br></div><h2 class="battle-history">Turn 92</h2><div class="spacer battle-history"><br></div><div class="battle-history">ND+ Cofagrigus2, come back!<br></div><div class="battle-history">Go! Gliscor 2 (<strong>Glidol</strong>)!<br></div><div class="spacer battle-history"><br></div><div class="battle-history">The opposing Glidol used <strong>Knock Off</strong>!<br></div><div class="battle-history"><small>(Gliscor 2 lost 12% of its health!)</small><br></div><div class="spacer battle-history"><br></div><div class="battle-history">[The opposing Glidol's Feel No Pain]<br><small>The opposing Glidol had its HP restored.</small><br></div><div class="spacer battle-history"><br></div><h2 class="battle-history">Turn 93</h2><div class="spacer battle-history"><br></div><div class="battle-history">isocon withdrew Glidol!<br></div><div class="battle-history">isocon sent out Avarupt (<strong>Avarupt-Mega</strong>)!<br></div><div class="spacer battle-history"><br></div><div class="battle-history">Gliscor 2 used <strong>Roost</strong>!<br></div><div class="battle-history"><small>Gliscor 2 had its HP restored.</small><br></div><div class="battle-history"><small>(Gliscor 2 loses Flying type this turn.)</small><br></div><div class="spacer battle-history"><br></div><h2 class="battle-history">Turn 94</h2><div class="spacer battle-history"><br></div><div class="battle-history">Gliscor 2, come back!<br></div><div class="battle-history">Go! Birbsmart (<strong>Mesflame</strong>)!<br></div><div class="spacer battle-history"><br></div><div class="battle-history">The opposing Avarupt used <strong>Ice Beam</strong>!<br></div><div class="battle-history"><small>It's not very effective...</small><br></div><div class="battle-history"><small>(Birbsmart lost 26% of its health!)</small><br></div><div class="spacer battle-history"><br></div><div class="battle-history"><small>Birbsmart restored a little HP using its Leftovers!</small><br></div><div class="battle-history"><small>Birbsmart was hurt by poison!</small><br></div><div class="spacer battle-history"><br></div><h2 class="battle-history">Turn 95</h2><div class="chat"><small>+Gekokeso joined</small></div><div class="spacer battle-history"><br></div><div class="battle-history">isocon withdrew Avarupt!<br></div><div class="battle-history">isocon sent out <strong>Glidol</strong>!<br></div><div class="spacer battle-history"><br></div><div class="battle-history">Birbsmart used <strong>Overheat</strong>!<br></div><div class="battle-history"><small>(The opposing Glidol lost 39% of its health!)</small><br></div><div class="battle-history"><small>Birbsmart's Sp. Atk fell harshly!</small><br></div><div class="spacer battle-history"><br></div><div class="battle-history"><small>Birbsmart restored a little HP using its Leftovers!</small><br></div><div class="battle-history">[The opposing Glidol's Feel No Pain]<br><small>The opposing Glidol had its HP restored.</small><br></div><div class="battle-history"><small>Birbsmart was hurt by poison!</small><br></div><div class="spacer battle-history"><br></div><h2 class="battle-history">Turn 96</h2><div class="spacer battle-history"><br></div><div class="battle-history">Birbsmart, come back!<br></div><div class="battle-history">Go! Goofy (<strong>Igglyzenta-Crowned</strong>)!<br></div><div class="battle-history">[Goofy's Friend Shield]<br></div><div class="battle-history"><small>Goofy's Defense rose!</small><br></div><div class="battle-history"><small>Goofy's Sp. Def rose!</small><br></div><div class="spacer battle-history"><br></div><div class="battle-history">The opposing Glidol used <strong>Roost</strong>!<br></div><div class="battle-history"><small>The opposing Glidol had its HP restored.</small><br></div><div class="battle-history"><small>(The opposing Glidol loses Flying type this turn.)</small><br></div><div class="spacer battle-history"><br></div><h2 class="battle-history">Turn 97</h2><div class="spacer battle-history"><br></div><div class="battle-history">The opposing Glidol used <strong>Earthquake</strong>!<br></div><div class="battle-history"><small>It's super effective!</small><br></div><div class="battle-history"><small>(Goofy lost 30% of its health!)</small><br></div><div class="spacer battle-history"><br></div><div class="battle-history">Goofy used <strong>Wish</strong>!<br></div><div class="spacer battle-history"><br></div><h2 class="battle-history">Turn 98</h2><div class="spacer battle-history"><br></div><div class="battle-history">Goofy, come back!<br></div><div class="battle-history">Go! Birbsmart (<strong>Mesflame</strong>)!<br></div><div class="spacer battle-history"><br></div><div class="battle-history">The opposing Glidol used <strong>Knock Off</strong>!<br></div><div class="battle-history"><small>It's super effective!</small><br></div><div class="battle-history"><small>(Birbsmart lost 32% of its health!)</small><br></div><div class="battle-history"><small>The opposing Glidol knocked off Birbsmart's Leftovers!</small><br></div><div class="spacer battle-history"><br></div><div class="battle-history"><small>Goofy's wish came true!</small><br></div><div class="battle-history"><small>Birbsmart was hurt by poison!</small><br></div><div class="spacer battle-history"><br></div><h2 class="battle-history">Turn 99</h2><div class="spacer battle-history"><br></div><div class="battle-history">isocon withdrew Glidol!<br></div><div class="battle-history">isocon sent out <strong>Kyottler</strong>!<br></div><div class="battle-history">[The opposing Kyottler's Wet Bugs]<br><small>It started to rain!</small><br></div><div class="spacer battle-history"><br></div><div class="battle-history">Birbsmart, come back!<br></div><div class="battle-history">Go! ND+ Cofagrigus2 (<strong>Porygrigus</strong>)!<br></div><div class="battle-history">[ND+ Cofagrigus2's Pillage]<br></div><div class="battle-history"><small>ND+ Cofagrigus2 swapped Abilities with its target!</small><br></div><div class="battle-history">[ND+ Cofagrigus2's Wet Bugs]<br></div><div class="battle-history">[The opposing Kyottler's Pillage]<br></div><div class="spacer battle-history"><br></div><div class="battle-history"><small>(Rain continues to fall.)</small><br></div><div class="spacer battle-history"><br></div><h2 class="battle-history">Turn 100</h2><div class="spacer battle-history"><br></div><div class="battle-history">ND+ Cofagrigus2, come back!<br></div><div class="battle-history">Go! Weezking4FEUU (<strong>Volquag</strong>)!<br></div><div class="spacer battle-history"><br></div><div class="battle-history">The opposing Kyottler used <strong>Origin Pulse</strong>!<br></div><div class="battle-history">[Weezking4FEUU's Porous]<br><small>It doesn't affect Weezking4FEUU...</small><br></div><div class="spacer battle-history"><br></div><div class="battle-history"><small>(Rain continues to fall.)</small><br></div><div class="spacer battle-history"><br></div><h2 class="battle-history">Turn 101</h2><div class="spacer battle-history"><br></div><div class="battle-history">isocon withdrew Kyottler!<br></div><div class="battle-history">isocon sent out <strong>Tentoxys-Defense</strong>!<br></div><div class="battle-history">[The opposing Tentoxys-Defense's Downpour]<br></div><div class="spacer battle-history"><br></div><div class="battle-history">Weezking4FEUU used <strong>Toxic</strong>!<br></div><div class="battle-history">[The opposing Tentoxys-Defense's Downpour]<br><small>The opposing Tentoxys-Defense had its HP restored.</small><br></div><div class="battle-history"><small>But it failed!</small><br></div><div class="spacer battle-history"><br></div><div class="battle-history"><small>(Rain continues to fall.)</small><br></div><div class="battle-history"><small>The opposing Tentoxys-Defense was hurt by its burn!</small><br></div><div class="spacer battle-history"><br></div><h2 class="battle-history">Turn 102</h2><div class="spacer battle-history"><br></div><div class="battle-history">isocon withdrew Tentoxys-Defense!<br></div><div class="battle-history">isocon sent out <strong>Jirachonator</strong>!<br></div><div class="spacer battle-history"><br></div><div class="battle-history">Weezking4FEUU, come back!<br></div><div class="battle-history">Go! Gliscor 2 (<strong>Glidol</strong>)!<br></div><div class="spacer battle-history"><br></div><div class="battle-history"><small>(Rain continues to fall.)</small><br></div><div class="battle-history"><small>The opposing Jirachonator restored a little HP using its Leftovers!</small><br></div><div class="spacer battle-history"><br></div><h2 class="battle-history">Turn 103</h2><div class="spacer battle-history"><br></div><div class="battle-history">isocon withdrew Jirachonator!<br></div><div class="battle-history">isocon sent out Avarupt (<strong>Avarupt-Mega</strong>)!<br></div><div class="spacer battle-history"><br></div><div class="battle-history">Gliscor 2 used <strong>Knock Off</strong>!<br></div><div class="battle-history"><small>(The opposing Avarupt lost 8% of its health!)</small><br></div><div class="spacer battle-history"><br></div><div class="battle-history"><small>The rain stopped.</small><br></div><div class="spacer battle-history"><br></div><h2 class="battle-history">Turn 104</h2><div class="spacer battle-history"><br></div><div class="battle-history">Gliscor 2, come back!<br></div><div class="battle-history">Go! Birbsmart (<strong>Mesflame</strong>)!<br></div><div class="spacer battle-history"><br></div><div class="battle-history">The opposing Avarupt used <strong>Earth Power</strong>!<br></div><div class="battle-history">[Birbsmart's Leviflame]<br><small>It doesn't affect Birbsmart...</small><br></div><div class="spacer battle-history"><br></div><div class="battle-history"><small>Birbsmart was hurt by poison!</small><br></div><div class="spacer battle-history"><br></div><h2 class="battle-history">Turn 105</h2><div class="spacer battle-history"><br></div><div class="battle-history">Birbsmart, come back!<br></div><div class="battle-history">Go! ND+ Cofagrigus2 (<strong>Porygrigus</strong>)!<br></div><div class="battle-history">[ND+ Cofagrigus2's Pillage]<br></div><div class="battle-history"><small>ND+ Cofagrigus2 swapped Abilities with its target!</small><br></div><div class="battle-history">[ND+ Cofagrigus2's Sheer Force]<br></div><div class="battle-history">[The opposing Avarupt's Pillage]<br></div><div class="spacer battle-history"><br></div><div class="battle-history">isocon withdrew Avarupt!<br></div><div class="battle-history">isocon sent out <strong>Kyottler</strong>!<br></div><div class="battle-history">[The opposing Kyottler's Wet Bugs]<br><small>It started to rain!</small><br></div><div class="spacer battle-history"><br></div><div class="battle-history"><small>(Rain continues to fall.)</small><br></div><div class="spacer battle-history"><br></div><h2 class="battle-history">Turn 106</h2><div class="chat"><small>+ZOOMERCIDE left</small></div><div class="spacer battle-history"><br></div><div class="battle-history">isocon withdrew Kyottler!<br></div><div class="battle-history">isocon sent out <strong>Glidol</strong>!<br></div><div class="spacer battle-history"><br></div><div class="battle-history">ND+ Cofagrigus2, come back!<br></div><div class="battle-history">Go! Goofy (<strong>Igglyzenta-Crowned</strong>)!<br></div><div class="battle-history">[Goofy's Friend Shield]<br></div><div class="battle-history"><small>Goofy's Defense rose!</small><br></div><div class="battle-history"><small>Goofy's Sp. Def rose!</small><br></div><div class="spacer battle-history"><br></div><div class="battle-history"><small>(Rain continues to fall.)</small><br></div><div class="spacer battle-history"><br></div><h2 class="battle-history">Turn 107</h2><div class="spacer battle-history"><br></div><div class="battle-history">isocon withdrew Glidol!<br></div><div class="battle-history">isocon sent out <strong>Jirachonator</strong>!<br></div><div class="spacer battle-history"><br></div><div class="battle-history">Goofy used <strong>Wish</strong>!<br></div><div class="spacer battle-history"><br></div><div class="battle-history"><small>(Rain continues to fall.)</small><br></div><div class="battle-history"><small>The opposing Jirachonator restored a little HP using its Leftovers!</small><br></div><div class="spacer battle-history"><br></div><h2 class="battle-history">Turn 108</h2><div class="spacer battle-history"><br></div><div class="battle-history">Goofy used <strong>Play Rough</strong>!<br></div><div class="battle-history"><small>(The opposing Jirachonator lost 24% of its health!)</small><br></div><div class="spacer battle-history"><br></div><div class="battle-history">The opposing Jirachonator used <strong>Stealth Rock</strong>!<br></div><div class="battle-history"><small>Pointed stones float in the air around your team!</small><br></div><div class="spacer battle-history"><br></div><div class="battle-history"><small>(Rain continues to fall.)</small><br></div><div class="battle-history"><small>Goofy's wish came true!</small><br></div><div class="battle-history"><small>The opposing Jirachonator restored a little HP using its Leftovers!</small><br></div><div class="spacer battle-history"><br></div><h2 class="battle-history">Turn 109</h2><div class="spacer battle-history"><br></div><div class="battle-history">isocon withdrew Jirachonator!<br></div><div class="battle-history">isocon sent out <strong>Kyottler</strong>!<br></div><div class="spacer battle-history"><br></div><div class="battle-history">Goofy used <strong>Wish</strong>!<br></div><div class="spacer battle-history"><br></div><div class="battle-history"><small>The rain stopped.</small><br></div><div class="spacer battle-history"><br></div><h2 class="battle-history">Turn 110</h2><div class="spacer battle-history"><br></div><div class="battle-history">isocon withdrew Kyottler!<br></div><div class="battle-history">isocon sent out <strong>Glidol</strong>!<br></div><div class="spacer battle-history"><br></div><div class="battle-history">Goofy used <strong>Play Rough</strong>!<br></div><div class="battle-history"><small>(The opposing Glidol lost 27% of its health!)</small><br></div><div class="spacer battle-history"><br></div><div class="battle-history">[The opposing Glidol's Feel No Pain]<br><small>The opposing Glidol had its HP restored.</small><br></div><div class="spacer battle-history"><br></div><h2 class="battle-history">Turn 111</h2><div class="spacer battle-history"><br></div><div class="battle-history">isocon withdrew Glidol!<br></div><div class="battle-history">isocon sent out <strong>Kyottler</strong>!<br></div><div class="battle-history">[The opposing Kyottler's Wet Bugs]<br><small>It started to rain!</small><br></div><div class="spacer battle-history"><br></div><div class="battle-history">Goofy used <strong>Protect</strong>!<br></div><div class="battle-history"><small>But it failed!</small><br></div><div class="spacer battle-history"><br></div><div class="battle-history"><small>(Rain continues to fall.)</small><br></div><div class="spacer battle-history"><br></div><h2 class="battle-history">Turn 112</h2><div class="chat message-error">isocon has 270 seconds left.</div><div class="spacer battle-history"><br></div><div class="battle-history">Goofy used <strong>Protect</strong>!<br></div><div class="battle-history"><small>Goofy protected itself!</small><br></div><div class="spacer battle-history"><br></div><div class="battle-history">The opposing Kyottler used <strong>Thunder</strong>!<br></div><div class="battle-history"><small>Goofy protected itself!</small><br></div><div class="spacer battle-history"><br></div><div class="battle-history"><small>(Rain continues to fall.)</small><br></div><div class="spacer battle-history"><br></div><h2 class="battle-history">Turn 113</h2><div class="spacer battle-history"><br></div><div class="battle-history">Goofy used <strong>Wish</strong>!<br></div><div class="spacer battle-history"><br></div><div class="battle-history">The opposing Kyottler used <strong>Thunder</strong>!<br></div><div class="battle-history"><small>A critical hit!</small><br></div><div class="battle-history"><small>(Goofy lost 49% of its health!)</small><br></div><div class="spacer battle-history"><br></div><div class="battle-history"><small>(Rain continues to fall.)</small><br></div><div class="spacer battle-history"><br></div><h2 class="battle-history">Turn 114</h2><div class="spacer battle-history"><br></div><div class="battle-history">isocon withdrew Kyottler!<br></div><div class="battle-history">isocon sent out <strong>Glidol</strong>!<br></div><div class="spacer battle-history"><br></div><div class="battle-history">Goofy used <strong>Play Rough</strong>!<br></div><div class="battle-history"><small>(The opposing Glidol lost 28% of its health!)</small><br></div><div class="spacer battle-history"><br></div><div class="battle-history"><small>(Rain continues to fall.)</small><br></div><div class="battle-history"><small>Goofy's wish came true!</small><br></div><div class="battle-history">[The opposing Glidol's Feel No Pain]<br><small>The opposing Glidol had its HP restored.</small><br></div><div class="spacer battle-history"><br></div><h2 class="battle-history">Turn 115</h2><div class="spacer battle-history"><br></div><div class="battle-history">Goofy, come back!<br></div><div class="battle-history">Go! Gliscor 2 (<strong>Glidol</strong>)!<br></div><div class="battle-history"><small>Pointed stones dug into Gliscor 2!</small><br></div><div class="spacer battle-history"><br></div><div class="battle-history">The opposing Glidol used <strong>Roost</strong>!<br></div><div class="battle-history"><small>The opposing Glidol had its HP restored.</small><br></div><div class="battle-history"><small>(The opposing Glidol loses Flying type this turn.)</small><br></div><div class="spacer battle-history"><br></div><div class="battle-history"><small>The rain stopped.</small><br></div><div class="spacer battle-history"><br></div><h2 class="battle-history">Turn 116</h2><div class="spacer battle-history"><br></div><div class="battle-history">isocon withdrew Glidol!<br></div><div class="battle-history">isocon sent out Avarupt (<strong>Avarupt-Mega</strong>)!<br></div><div class="spacer battle-history"><br></div><div class="battle-history">Gliscor 2 used <strong>Rapid Spin</strong>!<br></div><div class="battle-history"><small>(The opposing Avarupt lost 6% of its health!)</small><br></div><div class="battle-history"><small>Gliscor 2's Speed rose!</small><br></div><div class="battle-history"><small>The pointed stones disappeared from around your team!</small><br></div><div class="spacer battle-history"><br></div><h2 class="battle-history">Turn 117</h2><div class="spacer battle-history"><br></div><div class="battle-history">Gliscor 2, come back!<br></div><div class="battle-history">Go! ND+ Cofagrigus2 (<strong>Porygrigus</strong>)!<br></div><div class="battle-history">[ND+ Cofagrigus2's Pillage]<br></div><div class="battle-history"><small>ND+ Cofagrigus2 swapped Abilities with its target!</small><br></div><div class="battle-history">[ND+ Cofagrigus2's Sheer Force]<br></div><div class="battle-history">[The opposing Avarupt's Pillage]<br></div><div class="spacer battle-history"><br></div><div class="battle-history">The opposing Avarupt used <strong>Ice Beam</strong>!<br></div><div class="battle-history"><small>(ND+ Cofagrigus2 lost 48% of its health!)</small><br></div><div class="spacer battle-history"><br></div><h2 class="battle-history">Turn 118</h2><div class="chat message-error">isocon has 270 seconds left.</div><div class="spacer battle-history"><br></div><div class="battle-history">isocon withdrew Avarupt!<br></div><div class="battle-history">isocon sent out <strong>Kyottler</strong>!<br></div><div class="battle-history">[The opposing Kyottler's Wet Bugs]<br><small>It started to rain!</small><br></div><div class="spacer battle-history"><br></div><div class="battle-history">ND+ Cofagrigus2 used <strong>Recover</strong>!<br></div><div class="battle-history"><small>ND+ Cofagrigus2 had its HP restored.</small><br></div><div class="spacer battle-history"><br></div><div class="battle-history"><small>(Rain continues to fall.)</small><br></div><div class="spacer battle-history"><br></div><h2 class="battle-history">Turn 119</h2><div class="spacer battle-history"><br></div><div class="battle-history">isocon withdrew Kyottler!<br></div><div class="battle-history">isocon sent out <strong>Glidol</strong>!<br></div><div class="spacer battle-history"><br></div><div class="battle-history">ND+ Cofagrigus2, come back!<br></div><div class="battle-history">Go! Goofy (<strong>Igglyzenta-Crowned</strong>)!<br></div><div class="battle-history">[Goofy's Friend Shield]<br></div><div class="battle-history"><small>Goofy's Defense rose!</small><br></div><div class="battle-history"><small>Goofy's Sp. Def rose!</small><br></div><div class="spacer battle-history"><br></div><div class="battle-history"><small>(Rain continues to fall.)</small><br></div><div class="spacer battle-history"><br></div><h2 class="battle-history">Turn 120</h2><div class="spacer battle-history"><br></div><div class="battle-history">isocon withdrew Glidol!<br></div><div class="battle-history">isocon sent out <strong>Kyottler</strong>!<br></div><div class="spacer battle-history"><br></div><div class="battle-history">Goofy, come back!<br></div><div class="battle-history">Go! Gliscor 2 (<strong>Glidol</strong>)!<br></div><div class="spacer battle-history"><br></div><div class="battle-history"><small>(Rain continues to fall.)</small><br></div><div class="spacer battle-history"><br></div><h2 class="battle-history">Turn 121</h2><div class="spacer battle-history"><br></div><div class="battle-history">Gliscor 2, come back!<br></div><div class="battle-history">Go! Weezking4FEUU (<strong>Volquag</strong>)!<br></div><div class="spacer battle-history"><br></div><div class="battle-history">The opposing Kyottler used <strong>Origin Pulse</strong>!<br></div><div class="battle-history">[Weezking4FEUU's Porous]<br><small>It doesn't affect Weezking4FEUU...</small><br></div><div class="spacer battle-history"><br></div><div class="battle-history"><small>(Rain continues to fall.)</small><br></div><div class="spacer battle-history"><br></div><h2 class="battle-history">Turn 122</h2><div class="spacer battle-history"><br></div><div class="battle-history">isocon withdrew Kyottler!<br></div><div class="battle-history">isocon sent out <strong>Jirachonator</strong>!<br></div><div class="spacer battle-history"><br></div><div class="battle-history">Weezking4FEUU used <strong>Toxic</strong>!<br></div><div class="battle-history"><small>It doesn't affect the opposing Jirachonator...</small><br></div><div class="spacer battle-history"><br></div><div class="battle-history"><small>The rain stopped.</small><br></div><div class="battle-history"><small>The opposing Jirachonator restored a little HP using its Leftovers!</small><br></div><div class="spacer battle-history"><br></div><h2 class="battle-history">Turn 123</h2><div class="spacer battle-history"><br></div><div class="battle-history">Weezking4FEUU used <strong>Flamethrower</strong>!<br></div><div class="battle-history"><small>(The opposing Jirachonator lost 21% of its health!)</small><br></div><div class="spacer battle-history"><br></div><div class="battle-history">The opposing Jirachonator used <strong>Stealth Rock</strong>!<br></div><div class="battle-history"><small>Pointed stones float in the air around your team!</small><br></div><div class="spacer battle-history"><br></div><div class="battle-history"><small>The opposing Jirachonator restored a little HP using its Leftovers!</small><br></div><div class="spacer battle-history"><br></div><h2 class="battle-history">Turn 124</h2><div class="spacer battle-history"><br></div><div class="battle-history">The opposing Jirachonator used <strong>Protect</strong>!<br></div><div class="battle-history"><small>The opposing Jirachonator protected itself!</small><br></div><div class="spacer battle-history"><br></div><div class="battle-history">Weezking4FEUU used <strong>Flamethrower</strong>!<br></div><div class="battle-history"><small>The opposing Jirachonator protected itself!</small><br></div><div class="spacer battle-history"><br></div><div class="battle-history"><small>The opposing Jirachonator restored a little HP using its Leftovers!</small><br></div><div class="spacer battle-history"><br></div><h2 class="battle-history">Turn 125</h2><div class="spacer battle-history"><br></div><div class="battle-history">The opposing Jirachonator used <strong>Draco Meteor</strong>!<br></div><div class="battle-history"><small>(Weezking4FEUU lost 40% of its health!)</small><br></div><div class="battle-history"><small>The opposing Jirachonator's Sp. Atk fell harshly!</small><br></div><div class="spacer battle-history"><br></div><div class="battle-history">Weezking4FEUU used <strong>Flamethrower</strong>!<br></div><div class="battle-history"><small>(The opposing Jirachonator lost 18% of its health!)</small><br></div><div class="spacer battle-history"><br></div><div class="battle-history"><small>The opposing Jirachonator restored a little HP using its Leftovers!</small><br></div><div class="spacer battle-history"><br></div><h2 class="battle-history">Turn 126</h2><div class="spacer battle-history"><br></div><div class="battle-history">The opposing Jirachonator used <strong>Protect</strong>!<br></div><div class="battle-history"><small>The opposing Jirachonator protected itself!</small><br></div><div class="spacer battle-history"><br></div><div class="battle-history">Weezking4FEUU used <strong>Recover</strong>!<br></div><div class="battle-history"><small>Weezking4FEUU had its HP restored.</small><br></div><div class="spacer battle-history"><br></div><div class="battle-history"><small>The opposing Jirachonator restored a little HP using its Leftovers!</small><br></div><div class="spacer battle-history"><br></div><h2 class="battle-history">Turn 127</h2><div class="spacer battle-history"><br></div><div class="battle-history">isocon withdrew Jirachonator!<br></div><div class="battle-history">isocon sent out <strong>Tentoxys-Defense</strong>!<br></div><div class="battle-history">[The opposing Tentoxys-Defense's Downpour]<br></div><div class="spacer battle-history"><br></div><div class="battle-history">Weezking4FEUU used <strong>Flamethrower</strong>!<br></div><div class="battle-history">[The opposing Tentoxys-Defense's Downpour]<br><small>The opposing Tentoxys-Defense had its HP restored.</small><br></div><div class="battle-history"><small>(The opposing Tentoxys-Defense lost 23% of its health!)</small><br></div><div class="spacer battle-history"><br></div><div class="battle-history"><small>The opposing Tentoxys-Defense was hurt by its burn!</small><br></div><div class="spacer battle-history"><br></div><h2 class="battle-history">Turn 128</h2><div class="spacer battle-history"><br></div><div class="battle-history">Weezking4FEUU, come back!<br></div><div class="battle-history">Go! Gliscor 2 (<strong>Glidol</strong>)!<br></div><div class="battle-history"><small>Pointed stones dug into Gliscor 2!</small><br></div><div class="spacer battle-history"><br></div><div class="battle-history">The opposing Tentoxys-Defense used <strong>Recover</strong>!<br></div><div class="battle-history"><small>The opposing Tentoxys-Defense had its HP restored.</small><br></div><div class="spacer battle-history"><br></div><div class="battle-history"><small>The opposing Tentoxys-Defense was hurt by its burn!</small><br></div><div class="spacer battle-history"><br></div><h2 class="battle-history">Turn 129</h2><div class="spacer battle-history"><br></div><div class="battle-history">isocon withdrew Tentoxys-Defense!<br></div><div class="battle-history">isocon sent out Avarupt (<strong>Avarupt-Mega</strong>)!<br></div><div class="spacer battle-history"><br></div><div class="battle-history">Gliscor 2 used <strong>Rapid Spin</strong>!<br></div><div class="battle-history"><small>(The opposing Avarupt lost 6% of its health!)</small><br></div><div class="battle-history"><small>Gliscor 2's Speed rose!</small><br></div><div class="battle-history"><small>The pointed stones disappeared from around your team!</small><br></div><div class="spacer battle-history"><br></div><h2 class="battle-history">Turn 130</h2><div class="spacer battle-history"><br></div><div class="battle-history">Gliscor 2, come back!<br></div><div class="battle-history">Go! ND+ Cofagrigus2 (<strong>Porygrigus</strong>)!<br></div><div class="battle-history">[ND+ Cofagrigus2's Pillage]<br></div><div class="battle-history"><small>ND+ Cofagrigus2 swapped Abilities with its target!</small><br></div><div class="battle-history">[ND+ Cofagrigus2's Sheer Force]<br></div><div class="battle-history">[The opposing Avarupt's Pillage]<br></div><div class="spacer battle-history"><br></div><div class="battle-history">The opposing Avarupt used <strong>Toxic</strong>!<br></div><div class="battle-history"><small>ND+ Cofagrigus2 avoided the attack!</small><br></div><div class="spacer battle-history"><br></div><h2 class="battle-history">Turn 131</h2><div class="spacer battle-history"><br></div><div class="battle-history">ND+ Cofagrigus2, come back!<br></div><div class="battle-history">Go! Birbsmart (<strong>Mesflame</strong>)!<br></div><div class="spacer battle-history"><br></div><div class="battle-history">isocon withdrew Avarupt!<br></div><div class="battle-history">isocon sent out <strong>Glidol</strong>!<br></div><div class="spacer battle-history"><br></div><div class="battle-history"><small>Birbsmart was hurt by poison!</small><br></div><div class="spacer battle-history"><br></div><h2 class="battle-history">Turn 132</h2><div class="spacer battle-history"><br></div><div class="battle-history">Birbsmart, come back!<br></div><div class="battle-history">Go! ND+ Cofagrigus2 (<strong>Porygrigus</strong>)!<br></div><div class="battle-history">[ND+ Cofagrigus2's Pillage]<br></div><div class="battle-history"><small>ND+ Cofagrigus2 swapped Abilities with its target!</small><br></div><div class="battle-history">[ND+ Cofagrigus2's Feel No Pain]<br></div><div class="battle-history">[The opposing Glidol's Pillage]<br></div><div class="spacer battle-history"><br></div><div class="battle-history">The opposing Glidol used <strong>Knock Off</strong>!<br></div><div class="battle-history"><small>It's super effective!</small><br></div><div class="battle-history"><small>(ND+ Cofagrigus2 lost 18% of its health!)</small><br></div><div class="spacer battle-history"><br></div><div class="battle-history"><small>The opposing Glidol was hurt by poison!</small><br></div><div class="spacer battle-history"><br></div><h2 class="battle-history">Turn 133</h2><div class="spacer battle-history"><br></div><div class="battle-history">isocon withdrew Glidol!<br></div><div class="battle-history">isocon sent out <strong>Jirachonator</strong>!<br></div><div class="spacer battle-history"><br></div><div class="battle-history">ND+ Cofagrigus2 used <strong>Will-O-Wisp</strong>!<br></div><div class="battle-history"><small>The opposing Jirachonator was burned!</small><br></div><div class="spacer battle-history"><br></div><div class="battle-history"><small>The opposing Jirachonator restored a little HP using its Leftovers!</small><br></div><div class="battle-history"><small>The opposing Jirachonator was hurt by its burn!</small><br></div><div class="spacer battle-history"><br></div><h2 class="battle-history">Turn 134</h2><div class="spacer battle-history"><br></div><div class="battle-history">isocon withdrew Jirachonator!<br></div><div class="battle-history">isocon sent out <strong>Glidol</strong>!<br></div><div class="spacer battle-history"><br></div><div class="battle-history">ND+ Cofagrigus2, come back!<br></div><div class="battle-history">Go! Weezking4FEUU (<strong>Volquag</strong>)!<br></div><div class="spacer battle-history"><br></div><div class="battle-history">[The opposing Glidol's Feel No Pain]<br><small>The opposing Glidol had its HP restored.</small><br></div><div class="spacer battle-history"><br></div><h2 class="battle-history">Turn 135</h2><div class="chat message-error">isocon has 270 seconds left.</div><div class="spacer battle-history"><br></div><div class="battle-history">Weezking4FEUU, come back!<br></div><div class="battle-history">Go! ND+ Cofagrigus2 (<strong>Porygrigus</strong>)!<br></div><div class="battle-history">[ND+ Cofagrigus2's Pillage]<br></div><div class="battle-history"><small>ND+ Cofagrigus2 swapped Abilities with its target!</small><br></div><div class="battle-history">[ND+ Cofagrigus2's Feel No Pain]<br></div><div class="battle-history">[The opposing Glidol's Pillage]<br></div><div class="spacer battle-history"><br></div><div class="battle-history">The opposing Glidol used <strong>Earthquake</strong>!<br></div><div class="battle-history">[ND+ Cofagrigus2's Feel No Pain]<br><small>It doesn't affect ND+ Cofagrigus2...</small><br></div><div class="spacer battle-history"><br></div><div class="battle-history"><small>The opposing Glidol was hurt by poison!</small><br></div><div class="spacer battle-history"><br></div><h2 class="battle-history">Turn 136</h2><div class="chat message-error">isocon has 270 seconds left.</div><div class="spacer battle-history"><br></div><div class="battle-history">isocon withdrew Glidol!<br></div><div class="battle-history">isocon sent out <strong>Kyottler</strong>!<br></div><div class="battle-history">[The opposing Kyottler's Wet Bugs]<br><small>It started to rain!</small><br></div><div class="spacer battle-history"><br></div><div class="battle-history">ND+ Cofagrigus2 used <strong>Recover</strong>!<br></div><div class="battle-history"><small>ND+ Cofagrigus2 had its HP restored.</small><br></div><div class="spacer battle-history"><br></div><div class="battle-history"><small>(Rain continues to fall.)</small><br></div><div class="spacer battle-history"><br></div><h2 class="battle-history">Turn 137</h2><div class="chat message-error">isocon has 270 seconds left.</div><div class="spacer battle-history"><br></div><div class="battle-history">isocon withdrew Kyottler!<br></div><div class="battle-history">isocon sent out <strong>Glidol</strong>!<br></div><div class="spacer battle-history"><br></div><div class="battle-history">ND+ Cofagrigus2, come back!<br></div><div class="battle-history">Go! Goofy (<strong>Igglyzenta-Crowned</strong>)!<br></div><div class="battle-history">[Goofy's Friend Shield]<br></div><div class="battle-history"><small>Goofy's Defense rose!</small><br></div><div class="battle-history"><small>Goofy's Sp. Def rose!</small><br></div><div class="spacer battle-history"><br></div><div class="battle-history"><small>(Rain continues to fall.)</small><br></div><div class="battle-history">[The opposing Glidol's Feel No Pain]<br><small>The opposing Glidol had its HP restored.</small><br></div><div class="spacer battle-history"><br></div><h2 class="battle-history">Turn 138</h2><div class="spacer battle-history"><br></div><div class="battle-history">isocon withdrew Glidol!<br></div><div class="battle-history">isocon sent out <strong>Kyottler</strong>!<br></div><div class="spacer battle-history"><br></div><div class="battle-history">Goofy, come back!<br></div><div class="battle-history">Go! ND+ Cofagrigus2 (<strong>Porygrigus</strong>)!<br></div><div class="battle-history">[ND+ Cofagrigus2's Pillage]<br></div><div class="battle-history"><small>ND+ Cofagrigus2 swapped Abilities with its target!</small><br></div><div class="battle-history">[ND+ Cofagrigus2's Wet Bugs]<br></div><div class="battle-history">[The opposing Kyottler's Pillage]<br></div><div class="spacer battle-history"><br></div><div class="battle-history"><small>(Rain continues to fall.)</small><br></div><div class="spacer battle-history"><br></div><h2 class="battle-history">Turn 139</h2><div class="spacer battle-history"><br></div><div class="battle-history">isocon withdrew Kyottler!<br></div><div class="battle-history">isocon sent out <strong>Glidol</strong>!<br></div><div class="spacer battle-history"><br></div><div class="battle-history">ND+ Cofagrigus2, come back!<br></div><div class="battle-history">Go! Goofy (<strong>Igglyzenta-Crowned</strong>)!<br></div><div class="battle-history">[Goofy's Friend Shield]<br></div><div class="battle-history"><small>Goofy's Defense rose!</small><br></div><div class="battle-history"><small>Goofy's Sp. Def rose!</small><br></div><div class="spacer battle-history"><br></div><div class="battle-history"><small>(Rain continues to fall.)</small><br></div><div class="spacer battle-history"><br></div><h2 class="battle-history">Turn 140</h2><div class="spacer battle-history"><br></div><div class="battle-history">isocon withdrew Glidol!<br></div><div class="battle-history">isocon sent out <strong>Kyottler</strong>!<br></div><div class="spacer battle-history"><br></div><div class="battle-history">Goofy used <strong>Wish</strong>!<br></div><div class="spacer battle-history"><br></div><div class="battle-history"><small>The rain stopped.</small><br></div><div class="spacer battle-history"><br></div><h2 class="battle-history">Turn 141</h2><div class="chat message-error">isocon has 270 seconds left.</div><div class="spacer battle-history"><br></div><div class="battle-history">Goofy, come back!<br></div><div class="battle-history">Go! Weezking4FEUU (<strong>Volquag</strong>)!<br></div><div class="spacer battle-history"><br></div><div class="battle-history">The opposing Kyottler used <strong>Origin Pulse</strong>!<br></div><div class="battle-history">[Weezking4FEUU's Porous]<br><small>It doesn't affect Weezking4FEUU...</small><br></div><div class="spacer battle-history"><br></div><h2 class="battle-history">Turn 142</h2><div class="spacer battle-history"><br></div><div class="battle-history">isocon withdrew Kyottler!<br></div><div class="battle-history">isocon sent out <strong>Tentoxys-Defense</strong>!<br></div><div class="battle-history">[The opposing Tentoxys-Defense's Downpour]<br></div><div class="spacer battle-history"><br></div><div class="battle-history">Weezking4FEUU used <strong>Flamethrower</strong>!<br></div><div class="battle-history">[The opposing Tentoxys-Defense's Downpour]<br><small>The opposing Tentoxys-Defense had its HP restored.</small><br></div><div class="battle-history"><small>(The opposing Tentoxys-Defense lost 22% of its health!)</small><br></div><div class="spacer battle-history"><br></div><div class="battle-history"><small>The opposing Tentoxys-Defense was hurt by its burn!</small><br></div><div class="spacer battle-history"><br></div><h2 class="battle-history">Turn 143</h2><div class="spacer battle-history"><br></div><div class="battle-history">Weezking4FEUU, come back!<br></div><div class="battle-history">Go! ND+ Cofagrigus2 (<strong>Porygrigus</strong>)!<br></div><div class="battle-history">[ND+ Cofagrigus2's Downpour]<br></div><div class="battle-history">[ND+ Cofagrigus2's Pillage]<br></div><div class="battle-history"><small>ND+ Cofagrigus2 swapped Abilities with its target!</small><br></div><div class="battle-history">[ND+ Cofagrigus2's Downpour]<br></div><div class="battle-history">[The opposing Tentoxys-Defense's Pillage]<br></div><div class="spacer battle-history"><br></div><div class="battle-history">The opposing Tentoxys-Defense used <strong>Sludge Bomb</strong>!<br></div><div class="battle-history"><small>It's not very effective...</small><br></div><div class="battle-history"><small>(ND+ Cofagrigus2 lost 20% of its health!)</small><br></div><div class="battle-history"><small>ND+ Cofagrigus2 was poisoned!</small><br></div><div class="spacer battle-history"><br></div><div class="battle-history"><small>The opposing Tentoxys-Defense was hurt by its burn!</small><br></div><div class="battle-history"><small>ND+ Cofagrigus2 was hurt by poison!</small><br></div><div class="spacer battle-history"><br></div><h2 class="battle-history">Turn 144</h2><div class="spacer battle-history"><br></div><div class="battle-history">isocon withdrew Tentoxys-Defense!<br></div><div class="battle-history">isocon sent out <strong>Glidol</strong>!<br></div><div class="spacer battle-history"><br></div><div class="battle-history">ND+ Cofagrigus2, come back!<br></div><div class="battle-history">Go! Gliscor 2 (<strong>Glidol</strong>)!<br></div><div class="spacer battle-history"><br></div><h2 class="battle-history">Turn 145</h2><div class="spacer battle-history"><br></div><div class="battle-history">isocon withdrew Glidol!<br></div><div class="battle-history">isocon sent out Avarupt (<strong>Avarupt-Mega</strong>)!<br></div><div class="spacer battle-history"><br></div><div class="battle-history">Gliscor 2 used <strong>Earthquake</strong>!<br></div><div class="battle-history"><small>(The opposing Avarupt lost 19% of its health!)</small><br></div><div class="spacer battle-history"><br></div><h2 class="battle-history">Turn 146</h2><div class="spacer battle-history"><br></div><div class="battle-history">Gliscor 2, come back!<br></div><div class="battle-history">Go! Birbsmart (<strong>Mesflame</strong>)!<br></div><div class="spacer battle-history"><br></div><div class="battle-history">The opposing Avarupt used <strong>Recover</strong>!<br></div><div class="battle-history"><small>The opposing Avarupt had its HP restored.</small><br></div><div class="spacer battle-history"><br></div><div class="battle-history"><small>Birbsmart was hurt by poison!</small><br></div><div class="spacer battle-history"><br></div><h2 class="battle-history">Turn 147</h2><div class="spacer battle-history"><br></div><div class="battle-history">isocon withdrew Avarupt!<br></div><div class="battle-history">isocon sent out <strong>Glidol</strong>!<br></div><div class="spacer battle-history"><br></div><div class="battle-history">Birbsmart used <strong>Roost</strong>!<br></div><div class="battle-history"><small>Birbsmart had its HP restored.</small><br></div><div class="spacer battle-history"><br></div><div class="battle-history"><small>Birbsmart was hurt by poison!</small><br></div><div class="spacer battle-history"><br></div><h2 class="battle-history">Turn 148</h2><div class="chat message-error">isocon has 240 seconds left.</div><div class="spacer battle-history"><br></div><div class="battle-history">isocon withdrew Glidol!<br></div><div class="battle-history">isocon sent out <strong>Kyottler</strong>!<br></div><div class="battle-history">[The opposing Kyottler's Wet Bugs]<br><small>It started to rain!</small><br></div><div class="spacer battle-history"><br></div><div class="battle-history">Birbsmart used <strong>Overheat</strong>!<br></div><div class="battle-history"><small>(The opposing Kyottler lost 17% of its health!)</small><br></div><div class="battle-history"><small>Birbsmart's Sp. Atk fell harshly!</small><br></div><div class="spacer battle-history"><br></div><div class="battle-history"><small>(Rain continues to fall.)</small><br></div><div class="battle-history"><small>The opposing Kyottler restored a little HP using its Leftovers!</small><br></div><div class="battle-history"><small>Birbsmart was hurt by poison!</small><br></div><div class="spacer battle-history"><br></div><h2 class="battle-history">Turn 149</h2><div class="spacer battle-history"><br></div><div class="battle-history">Birbsmart, come back!<br></div><div class="battle-history">Go! Weezking4FEUU (<strong>Volquag</strong>)!<br></div><div class="spacer battle-history"><br></div><div class="battle-history">The opposing Kyottler used <strong>Thunder</strong>!<br></div><div class="battle-history"><small>It's super effective!</small><br></div><div class="battle-history"><small>(Weezking4FEUU lost 51% of its health!)</small><br></div><div class="spacer battle-history"><br></div><div class="battle-history"><small>(Rain continues to fall.)</small><br></div><div class="battle-history"><small>The opposing Kyottler restored a little HP using its Leftovers!</small><br></div><div class="spacer battle-history"><br></div><h2 class="battle-history">Turn 150</h2><div class="spacer battle-history"><br></div><div class="battle-history">Weezking4FEUU, come back!<br></div><div class="battle-history">Go! Goofy (<strong>Igglyzenta-Crowned</strong>)!<br></div><div class="battle-history">[Goofy's Friend Shield]<br></div><div class="battle-history"><small>Goofy's Defense rose!</small><br></div><div class="battle-history"><small>Goofy's Sp. Def rose!</small><br></div><div class="spacer battle-history"><br></div><div class="battle-history">The opposing Kyottler used <strong>Thunder</strong>!<br></div><div class="battle-history"><small>(Goofy lost 22% of its health!)</small><br></div><div class="spacer battle-history"><br></div><div class="battle-history"><small>(Rain continues to fall.)</small><br></div><div class="battle-history"><small>The opposing Kyottler restored a little HP using its Leftovers!</small><br></div><div class="spacer battle-history"><br></div><h2 class="battle-history">Turn 151</h2><div class="chat message-error">isocon has 210 seconds left.</div><div class="spacer battle-history"><br></div><div class="battle-history">isocon withdrew Kyottler!<br></div><div class="battle-history">isocon sent out <strong>Glidol</strong>!<br></div><div class="spacer battle-history"><br></div><div class="battle-history">Goofy used <strong>Wish</strong>!<br></div><div class="spacer battle-history"><br></div><div class="battle-history"><small>(Rain continues to fall.)</small><br></div><div class="spacer battle-history"><br></div><h2 class="battle-history">Turn 152</h2><div class="spacer battle-history"><br></div><div class="battle-history">isocon withdrew Glidol!<br></div><div class="battle-history">isocon sent out <strong>Kyottler</strong>!<br></div><div class="spacer battle-history"><br></div><div class="battle-history">Goofy, come back!<br></div><div class="battle-history">Go! ND+ Cofagrigus2 (<strong>Porygrigus</strong>)!<br></div><div class="battle-history">[ND+ Cofagrigus2's Pillage]<br></div><div class="battle-history"><small>ND+ Cofagrigus2 swapped Abilities with its target!</small><br></div><div class="battle-history">[ND+ Cofagrigus2's Wet Bugs]<br></div><div class="battle-history">[The opposing Kyottler's Pillage]<br></div><div class="spacer battle-history"><br></div><div class="battle-history"><small>The rain stopped.</small><br></div><div class="battle-history"><small>Goofy's wish came true!</small><br></div><div class="battle-history"><small>ND+ Cofagrigus2 was hurt by poison!</small><br></div><div class="spacer battle-history"><br></div><h2 class="battle-history">Turn 153</h2><div class="spacer battle-history"><br></div><div class="battle-history">isocon withdrew Kyottler!<br></div><div class="battle-history">isocon sent out <strong>Glidol</strong>!<br></div><div class="spacer battle-history"><br></div><div class="battle-history">ND+ Cofagrigus2, come back!<br></div><div class="battle-history">Go! Weezking4FEUU (<strong>Volquag</strong>)!<br></div><div class="spacer battle-history"><br></div><h2 class="battle-history">Turn 154</h2><div class="spacer battle-history"><br></div><div class="battle-history">Weezking4FEUU, come back!<br></div><div class="battle-history">Go! Gliscor 2 (<strong>Glidol</strong>)!<br></div><div class="spacer battle-history"><br></div><div class="battle-history">The opposing Glidol used <strong>Earthquake</strong>!<br></div><div class="battle-history">[Gliscor 2's Feel No Pain]<br><small>It doesn't affect Gliscor 2...</small><br></div><div class="spacer battle-history"><br></div><h2 class="battle-history">Turn 155</h2><div class="spacer battle-history"><br></div><div class="battle-history">isocon withdrew Glidol!<br></div><div class="battle-history">isocon sent out Avarupt (<strong>Avarupt-Mega</strong>)!<br></div><div class="spacer battle-history"><br></div><div class="battle-history">Gliscor 2 used <strong>Earthquake</strong>!<br></div><div class="battle-history"><small>(The opposing Avarupt lost 20% of its health!)</small><br></div><div class="spacer battle-history"><br></div><h2 class="battle-history">Turn 156</h2><div class="chat"><small>+Squawkerz joined</small></div><div class="spacer battle-history"><br></div><div class="battle-history">Gliscor 2, come back!<br></div><div class="battle-history">Go! Birbsmart (<strong>Mesflame</strong>)!<br></div><div class="spacer battle-history"><br></div><div class="battle-history">The opposing Avarupt used <strong>Ice Beam</strong>!<br></div><div class="battle-history"><small>It's not very effective...</small><br></div><div class="battle-history"><small>(Birbsmart lost 25% of its health!)</small><br></div><div class="spacer battle-history"><br></div><div class="battle-history"><small>Birbsmart was hurt by poison!</small><br></div><div class="spacer battle-history"><br></div><h2 class="battle-history">Turn 157</h2><div class="spacer battle-history"><br></div><div class="battle-history">isocon withdrew Avarupt!<br></div><div class="battle-history">isocon sent out <strong>Glidol</strong>!<br></div><div class="spacer battle-history"><br></div><div class="battle-history">Birbsmart used <strong>Roost</strong>!<br></div><div class="battle-history"><small>Birbsmart had its HP restored.</small><br></div><div class="spacer battle-history"><br></div><div class="battle-history"><small>Birbsmart was hurt by poison!</small><br></div><div class="spacer battle-history"><br></div><h2 class="battle-history">Turn 158</h2><div class="spacer battle-history"><br></div><div class="battle-history">isocon withdrew Glidol!<br></div><div class="battle-history">isocon sent out <strong>Kyottler</strong>!<br></div><div class="battle-history">[The opposing Kyottler's Wet Bugs]<br><small>It started to rain!</small><br></div><div class="spacer battle-history"><br></div><div class="battle-history">Birbsmart, come back!<br></div><div class="battle-history">Go! Gliscor 2 (<strong>Glidol</strong>)!<br></div><div class="spacer battle-history"><br></div><div class="battle-history"><small>(Rain continues to fall.)</small><br></div><div class="spacer battle-history"><br></div><h2 class="battle-history">Turn 159</h2><div class="spacer battle-history"><br></div><div class="battle-history">Gliscor 2, come back!<br></div><div class="battle-history">Go! Goofy (<strong>Igglyzenta-Crowned</strong>)!<br></div><div class="battle-history">[Goofy's Friend Shield]<br></div><div class="battle-history"><small>Goofy's Defense rose!</small><br></div><div class="battle-history"><small>Goofy's Sp. Def rose!</small><br></div><div class="spacer battle-history"><br></div><div class="battle-history">isocon withdrew Kyottler!<br></div><div class="battle-history">isocon sent out Avarupt (<strong>Avarupt-Mega</strong>)!<br></div><div class="spacer battle-history"><br></div><div class="battle-history"><small>(Rain continues to fall.)</small><br></div><div class="spacer battle-history"><br></div><h2 class="battle-history">Turn 160</h2><div class="spacer battle-history"><br></div><div class="battle-history">isocon withdrew Avarupt!<br></div><div class="battle-history">isocon sent out <strong>Glidol</strong>!<br></div><div class="spacer battle-history"><br></div><div class="battle-history">Goofy used <strong>Protect</strong>!<br></div><div class="battle-history"><small>But it failed!</small><br></div><div class="spacer battle-history"><br></div><div class="battle-history"><small>(Rain continues to fall.)</small><br></div><div class="spacer battle-history"><br></div><h2 class="battle-history">Turn 161</h2><div class="spacer battle-history"><br></div><div class="battle-history">isocon withdrew Glidol!<br></div><div class="battle-history">isocon sent out <strong>Kyottler</strong>!<br></div><div class="spacer battle-history"><br></div><div class="battle-history">Goofy used <strong>Wish</strong>!<br></div><div class="spacer battle-history"><br></div><div class="battle-history"><small>(Rain continues to fall.)</small><br></div><div class="spacer battle-history"><br></div><h2 class="battle-history">Turn 162</h2><div class="spacer battle-history"><br></div><div class="battle-history">isocon withdrew Kyottler!<br></div><div class="battle-history">isocon sent out <strong>Glidol</strong>!<br></div><div class="spacer battle-history"><br></div><div class="battle-history">Goofy used <strong>Play Rough</strong>!<br></div><div class="battle-history"><small>(The opposing Glidol lost 28% of its health!)</small><br></div><div class="spacer battle-history"><br></div><div class="battle-history"><small>The rain stopped.</small><br></div><div class="battle-history"><small>Goofy's wish came true!</small><br></div><div class="battle-history">[The opposing Glidol's Feel No Pain]<br><small>The opposing Glidol had its HP restored.</small><br></div><div class="spacer battle-history"><br></div><h2 class="battle-history">Turn 163</h2><div class="spacer battle-history"><br></div><div class="battle-history">isocon withdrew Glidol!<br></div><div class="battle-history">isocon sent out <strong>Kyottler</strong>!<br></div><div class="battle-history">[The opposing Kyottler's Wet Bugs]<br><small>It started to rain!</small><br></div><div class="spacer battle-history"><br></div><div class="battle-history">Goofy used <strong>Wish</strong>!<br></div><div class="spacer battle-history"><br></div><div class="battle-history"><small>(Rain continues to fall.)</small><br></div><div class="spacer battle-history"><br></div><h2 class="battle-history">Turn 164</h2><div class="chat message-error">isocon has 240 seconds left.</div><div class="spacer battle-history"><br></div><div class="battle-history">The opposing Kyottler used <strong>Origin Pulse</strong>!<br></div><div class="battle-history"><small>(Goofy lost 46% of its health!)</small><br></div><div class="spacer battle-history"><br></div><div class="battle-history">Goofy used <strong>Play Rough</strong>!<br></div><div class="battle-history"><small>(The opposing Kyottler lost 34% of its health!)</small><br></div><div class="spacer battle-history"><br></div><div class="battle-history"><small>(Rain continues to fall.)</small><br></div><div class="battle-history"><small>Goofy's wish came true!</small><br></div><div class="battle-history"><small>The opposing Kyottler restored a little HP using its Leftovers!</small><br></div><div class="spacer battle-history"><br></div><h2 class="battle-history">Turn 165</h2><div class="chat message-error">isocon has 240 seconds left.</div><div class="spacer battle-history"><br></div><div class="battle-history">isocon withdrew Kyottler!<br></div><div class="battle-history">isocon sent out <strong>Glidol</strong>!<br></div><div class="spacer battle-history"><br></div><div class="battle-history">Goofy used <strong>Wish</strong>!<br></div><div class="spacer battle-history"><br></div><div class="battle-history"><small>(Rain continues to fall.)</small><br></div><div class="battle-history">[The opposing Glidol's Feel No Pain]<br><small>The opposing Glidol had its HP restored.</small><br></div><div class="spacer battle-history"><br></div><h2 class="battle-history">Turn 166</h2><div class="spacer battle-history"><br></div><div class="battle-history">isocon withdrew Glidol!<br></div><div class="battle-history">isocon sent out <strong>Kyottler</strong>!<br></div><div class="spacer battle-history"><br></div><div class="battle-history">Goofy, come back!<br></div><div class="battle-history">Go! Weezking4FEUU (<strong>Volquag</strong>)!<br></div><div class="spacer battle-history"><br></div><div class="battle-history"><small>(Rain continues to fall.)</small><br></div><div class="battle-history"><small>Goofy's wish came true!</small><br></div><div class="battle-history"><small>The opposing Kyottler restored a little HP using its Leftovers!</small><br></div><div class="spacer battle-history"><br></div><h2 class="battle-history">Turn 167</h2><div class="chat message-error">isocon has 240 seconds left.</div><div class="spacer battle-history"><br></div><div class="battle-history">isocon withdrew Kyottler!<br></div><div class="battle-history">isocon sent out <strong>Tentoxys-Defense</strong>!<br></div><div class="battle-history">[The opposing Tentoxys-Defense's Downpour]<br></div><div class="spacer battle-history"><br></div><div class="battle-history">Weezking4FEUU used <strong>Toxic</strong>!<br></div><div class="battle-history">[The opposing Tentoxys-Defense's Downpour]<br><small>The opposing Tentoxys-Defense had its HP restored.</small><br></div><div class="battle-history"><small>But it failed!</small><br></div><div class="spacer battle-history"><br></div><div class="battle-history"><small>The rain stopped.</small><br></div><div class="battle-history"><small>The opposing Tentoxys-Defense was hurt by its burn!</small><br></div><div class="spacer battle-history"><br></div><h2 class="battle-history">Turn 168</h2><div class="spacer battle-history"><br></div><div class="battle-history">Weezking4FEUU, come back!<br></div><div class="battle-history">Go! Gliscor 2 (<strong>Glidol</strong>)!<br></div><div class="spacer battle-history"><br></div><div class="battle-history">The opposing Tentoxys-Defense used <strong>Spikes</strong>!<br></div><div class="battle-history"><small>Spikes were scattered on the ground all around your team!</small><br></div><div class="spacer battle-history"><br></div><div class="battle-history"><small>The opposing Tentoxys-Defense was hurt by its burn!</small><br></div><div class="spacer battle-history"><br></div><h2 class="battle-history">Turn 169</h2><div class="spacer battle-history"><br></div><div class="battle-history">isocon withdrew Tentoxys-Defense!<br></div><div class="battle-history">isocon sent out Avarupt (<strong>Avarupt-Mega</strong>)!<br></div><div class="spacer battle-history"><br></div><div class="battle-history">Gliscor 2 used <strong>Rapid Spin</strong>!<br></div><div class="battle-history"><small>(The opposing Avarupt lost 5% of its health!)</small><br></div><div class="battle-history"><small>Gliscor 2's Speed rose!</small><br></div><div class="battle-history"><small>The spikes disappeared from the ground around your team!</small><br></div><div class="spacer battle-history"><br></div><h2 class="battle-history">Turn 170</h2><div class="spacer battle-history"><br></div><div class="battle-history">Gliscor 2, come back!<br></div><div class="battle-history">Go! Birbsmart (<strong>Mesflame</strong>)!<br></div><div class="spacer battle-history"><br></div><div class="battle-history">The opposing Avarupt used <strong>Ice Beam</strong>!<br></div><div class="battle-history"><small>It's not very effective...</small><br></div><div class="battle-history"><small>(Birbsmart lost 26% of its health!)</small><br></div><div class="spacer battle-history"><br></div><div class="battle-history"><small>Birbsmart was hurt by poison!</small><br></div><div class="spacer battle-history"><br></div><h2 class="battle-history">Turn 171</h2><div class="spacer battle-history"><br></div><div class="battle-history">isocon withdrew Avarupt!<br></div><div class="battle-history">isocon sent out <strong>Kyottler</strong>!<br></div><div class="battle-history">[The opposing Kyottler's Wet Bugs]<br><small>It started to rain!</small><br></div><div class="spacer battle-history"><br></div><div class="battle-history">Birbsmart used <strong>Roost</strong>!<br></div><div class="battle-history"><small>Birbsmart had its HP restored.</small><br></div><div class="spacer battle-history"><br></div><div class="battle-history"><small>(Rain continues to fall.)</small><br></div><div class="battle-history"><small>The opposing Kyottler restored a little HP using its Leftovers!</small><br></div><div class="battle-history"><small>Birbsmart was hurt by poison!</small><br></div><div class="spacer battle-history"><br></div><h2 class="battle-history">Turn 172</h2><div class="spacer battle-history"><br></div><div class="battle-history">Birbsmart, come back!<br></div><div class="battle-history">Go! Weezking4FEUU (<strong>Volquag</strong>)!<br></div><div class="spacer battle-history"><br></div><div class="battle-history">isocon withdrew Kyottler!<br></div><div class="battle-history">isocon sent out <strong>Glidol</strong>!<br></div><div class="spacer battle-history"><br></div><div class="battle-history"><small>(Rain continues to fall.)</small><br></div><div class="battle-history">[The opposing Glidol's Feel No Pain]<br><small>The opposing Glidol had its HP restored.</small><br></div><div class="spacer battle-history"><br></div><h2 class="battle-history">Turn 173</h2><div class="spacer battle-history"><br></div><div class="battle-history">isocon withdrew Glidol!<br></div><div class="battle-history">isocon sent out <strong>Jirachonator</strong>!<br></div><div class="spacer battle-history"><br></div><div class="battle-history">Weezking4FEUU, come back!<br></div><div class="battle-history">Go! Gliscor 2 (<strong>Glidol</strong>)!<br></div><div class="spacer battle-history"><br></div><div class="battle-history"><small>(Rain continues to fall.)</small><br></div><div class="battle-history"><small>The opposing Jirachonator restored a little HP using its Leftovers!</small><br></div><div class="battle-history"><small>The opposing Jirachonator was hurt by its burn!</small><br></div><div class="spacer battle-history"><br></div><h2 class="battle-history">Turn 174</h2><div class="spacer battle-history"><br></div><div class="battle-history">Gliscor 2, come back!<br></div><div class="battle-history">Go! Goofy (<strong>Igglyzenta-Crowned</strong>)!<br></div><div class="battle-history">[Goofy's Friend Shield]<br></div><div class="battle-history"><small>Goofy's Defense rose!</small><br></div><div class="battle-history"><small>Goofy's Sp. Def rose!</small><br></div><div class="spacer battle-history"><br></div><div class="battle-history">isocon withdrew Jirachonator!<br></div><div class="battle-history">isocon sent out Avarupt (<strong>Avarupt-Mega</strong>)!<br></div><div class="spacer battle-history"><br></div><div class="battle-history"><small>(Rain continues to fall.)</small><br></div><div class="spacer battle-history"><br></div><h2 class="battle-history">Turn 175</h2><div class="spacer battle-history"><br></div><div class="battle-history">isocon withdrew Avarupt!<br></div><div class="battle-history">isocon sent out <strong>Glidol</strong>!<br></div><div class="spacer battle-history"><br></div><div class="battle-history">Goofy used <strong>Behemoth Bash</strong>!<br></div><div class="battle-history"><small>(The opposing Glidol lost 27% of its health!)</small><br></div><div class="spacer battle-history"><br></div><div class="battle-history"><small>The rain stopped.</small><br></div><div class="battle-history">[The opposing Glidol's Feel No Pain]<br><small>The opposing Glidol had its HP restored.</small><br></div><div class="spacer battle-history"><br></div><h2 class="battle-history">Turn 176</h2><div class="spacer battle-history"><br></div><div class="battle-history">isocon withdrew Glidol!<br></div><div class="battle-history">isocon sent out <strong>Kyottler</strong>!<br></div><div class="battle-history">[The opposing Kyottler's Wet Bugs]<br><small>It started to rain!</small><br></div><div class="spacer battle-history"><br></div><div class="battle-history">Goofy, come back!<br></div><div class="battle-history">Go! Gliscor 2 (<strong>Glidol</strong>)!<br></div><div class="spacer battle-history"><br></div><div class="battle-history"><small>(Rain continues to fall.)</small><br></div><div class="battle-history"><small>The opposing Kyottler restored a little HP using its Leftovers!</small><br></div><div class="spacer battle-history"><br></div><h2 class="battle-history">Turn 177</h2><div class="spacer battle-history"><br></div><div class="battle-history">Gliscor 2, come back!<br></div><div class="battle-history">Go! Goofy (<strong>Igglyzenta-Crowned</strong>)!<br></div><div class="battle-history">[Goofy's Friend Shield]<br></div><div class="battle-history"><small>Goofy's Defense rose!</small><br></div><div class="battle-history"><small>Goofy's Sp. Def rose!</small><br></div><div class="spacer battle-history"><br></div><div class="battle-history">isocon withdrew Kyottler!<br></div><div class="battle-history">isocon sent out Avarupt (<strong>Avarupt-Mega</strong>)!<br></div><div class="spacer battle-history"><br></div><div class="battle-history"><small>(Rain continues to fall.)</small><br></div><div class="spacer battle-history"><br></div><h2 class="battle-history">Turn 178</h2><div class="spacer battle-history"><br></div><div class="battle-history">isocon withdrew Avarupt!<br></div><div class="battle-history">isocon sent out <strong>Glidol</strong>!<br></div><div class="spacer battle-history"><br></div><div class="battle-history">Goofy used <strong>Protect</strong>!<br></div><div class="battle-history"><small>But it failed!</small><br></div><div class="spacer battle-history"><br></div><div class="battle-history"><small>(Rain continues to fall.)</small><br></div><div class="battle-history">[The opposing Glidol's Feel No Pain]<br><small>The opposing Glidol had its HP restored.</small><br></div><div class="spacer battle-history"><br></div><h2 class="battle-history">Turn 179</h2><div class="chat"><small>+G-Luke left</small></div><div class="spacer battle-history"><br></div><div class="battle-history">isocon withdrew Glidol!<br></div><div class="battle-history">isocon sent out <strong>Kyottler</strong>!<br></div><div class="spacer battle-history"><br></div><div class="battle-history">Goofy used <strong>Behemoth Bash</strong>!<br></div><div class="battle-history"><small>It's not very effective...</small><br></div><div class="battle-history"><small>(The opposing Kyottler lost 18% of its health!)</small><br></div><div class="spacer battle-history"><br></div><div class="battle-history"><small>(Rain continues to fall.)</small><br></div><div class="battle-history"><small>The opposing Kyottler restored a little HP using its Leftovers!</small><br></div><div class="spacer battle-history"><br></div><h2 class="battle-history">Turn 180</h2><div class="spacer battle-history"><br></div><div class="battle-history">isocon withdrew Kyottler!<br></div><div class="battle-history">isocon sent out <strong>Glidol</strong>!<br></div><div class="spacer battle-history"><br></div><div class="battle-history">Goofy used <strong>Play Rough</strong>!<br></div><div class="battle-history"><small>(The opposing Glidol lost 29% of its health!)</small><br></div><div class="spacer battle-history"><br></div><div class="battle-history"><small>The rain stopped.</small><br></div><div class="battle-history">[The opposing Glidol's Feel No Pain]<br><small>The opposing Glidol had its HP restored.</small><br></div><div class="spacer battle-history"><br></div><h2 class="battle-history">Turn 181</h2><div class="spacer battle-history"><br></div><div class="battle-history">isocon withdrew Glidol!<br></div><div class="battle-history">isocon sent out <strong>Kyottler</strong>!<br></div><div class="battle-history">[The opposing Kyottler's Wet Bugs]<br><small>It started to rain!</small><br></div><div class="spacer battle-history"><br></div><div class="battle-history">Goofy, come back!<br></div><div class="battle-history">Go! Weezking4FEUU (<strong>Volquag</strong>)!<br></div><div class="spacer battle-history"><br></div><div class="battle-history"><small>(Rain continues to fall.)</small><br></div><div class="battle-history"><small>The opposing Kyottler restored a little HP using its Leftovers!</small><br></div><div class="spacer battle-history"><br></div><h2 class="battle-history">Turn 182</h2><div class="spacer battle-history"><br></div><div class="battle-history">isocon withdrew Kyottler!<br></div><div class="battle-history">isocon sent out <strong>Tentoxys-Defense</strong>!<br></div><div class="battle-history">[The opposing Tentoxys-Defense's Downpour]<br></div><div class="spacer battle-history"><br></div><div class="battle-history">Weezking4FEUU used <strong>Scald</strong>!<br></div><div class="battle-history">[The opposing Tentoxys-Defense's Downpour]<br><small>The opposing Tentoxys-Defense had its HP restored.</small><br></div><div class="battle-history"><small>(The opposing Tentoxys-Defense lost 31% of its health!)</small><br></div><div class="spacer battle-history"><br></div><div class="battle-history"><small>(Rain continues to fall.)</small><br></div><div class="battle-history"><small>The opposing Tentoxys-Defense was hurt by its burn!</small><br></div><div class="spacer battle-history"><br></div><h2 class="battle-history">Turn 183</h2><div class="spacer battle-history"><br></div><div class="battle-history">The opposing Tentoxys-Defense used <strong>Recover</strong>!<br></div><div class="battle-history"><small>The opposing Tentoxys-Defense had its HP restored.</small><br></div><div class="spacer battle-history"><br></div><div class="battle-history">Weezking4FEUU used <strong>Scald</strong>!<br></div><div class="battle-history">[The opposing Tentoxys-Defense's Downpour]<br><small>The opposing Tentoxys-Defense had its HP restored.</small><br></div><div class="battle-history"><small>(The opposing Tentoxys-Defense lost 34% of its health!)</small><br></div><div class="spacer battle-history"><br></div><div class="battle-history"><small>(Rain continues to fall.)</small><br></div><div class="battle-history"><small>The opposing Tentoxys-Defense was hurt by its burn!</small><br></div><div class="spacer battle-history"><br></div><h2 class="battle-history">Turn 184</h2><div class="spacer battle-history"><br></div><div class="battle-history">Weezking4FEUU, come back!<br></div><div class="battle-history">Go! Gliscor 2 (<strong>Glidol</strong>)!<br></div><div class="spacer battle-history"><br></div><div class="battle-history">The opposing Tentoxys-Defense used <strong>Recover</strong>!<br></div><div class="battle-history"><small>The opposing Tentoxys-Defense had its HP restored.</small><br></div><div class="spacer battle-history"><br></div><div class="battle-history"><small>(Rain continues to fall.)</small><br></div><div class="battle-history"><small>The opposing Tentoxys-Defense was hurt by its burn!</small><br></div><div class="spacer battle-history"><br></div><h2 class="battle-history">Turn 185</h2><div class="spacer battle-history"><br></div><div class="battle-history">isocon withdrew Tentoxys-Defense!<br></div><div class="battle-history">isocon sent out Avarupt (<strong>Avarupt-Mega</strong>)!<br></div><div class="spacer battle-history"><br></div><div class="battle-history">Gliscor 2 used <strong>Earthquake</strong>!<br></div><div class="battle-history"><small>(The opposing Avarupt lost 18% of its health!)</small><br></div><div class="spacer battle-history"><br></div><div class="battle-history"><small>The rain stopped.</small><br></div><div class="spacer battle-history"><br></div><h2 class="battle-history">Turn 186</h2><div class="spacer battle-history"><br></div><div class="battle-history">Gliscor 2, come back!<br></div><div class="battle-history">Go! Birbsmart (<strong>Mesflame</strong>)!<br></div><div class="spacer battle-history"><br></div><div class="battle-history">The opposing Avarupt used <strong>Recover</strong>!<br></div><div class="battle-history"><small>The opposing Avarupt had its HP restored.</small><br></div><div class="spacer battle-history"><br></div><div class="battle-history"><small>Birbsmart was hurt by poison!</small><br></div><div class="spacer battle-history"><br></div><h2 class="battle-history">Turn 187</h2><div class="spacer battle-history"><br></div><div class="battle-history">isocon withdrew Avarupt!<br></div><div class="battle-history">isocon sent out <strong>Kyottler</strong>!<br></div><div class="battle-history">[The opposing Kyottler's Wet Bugs]<br><small>It started to rain!</small><br></div><div class="spacer battle-history"><br></div><div class="battle-history">Birbsmart used <strong>Psychic</strong>!<br></div><div class="battle-history"><small>(The opposing Kyottler lost 26% of its health!)</small><br></div><div class="spacer battle-history"><br></div><div class="battle-history"><small>(Rain continues to fall.)</small><br></div><div class="battle-history"><small>The opposing Kyottler restored a little HP using its Leftovers!</small><br></div><div class="battle-history"><small>Birbsmart was hurt by poison!</small><br></div><div class="spacer battle-history"><br></div><h2 class="battle-history">Turn 188</h2><div class="spacer battle-history"><br></div><div class="battle-history">Birbsmart, come back!<br></div><div class="battle-history">Go! Goofy (<strong>Igglyzenta-Crowned</strong>)!<br></div><div class="battle-history">[Goofy's Friend Shield]<br></div><div class="battle-history"><small>Goofy's Defense rose!</small><br></div><div class="battle-history"><small>Goofy's Sp. Def rose!</small><br></div><div class="spacer battle-history"><br></div><div class="battle-history">The opposing Kyottler used <strong>Recover</strong>!<br></div><div class="battle-history"><small>The opposing Kyottler had its HP restored.</small><br></div><div class="spacer battle-history"><br></div><div class="battle-history"><small>(Rain continues to fall.)</small><br></div><div class="spacer battle-history"><br></div><h2 class="battle-history">Turn 189</h2><div class="spacer battle-history"><br></div><div class="battle-history">Goofy, come back!<br></div><div class="battle-history">Go! Weezking4FEUU (<strong>Volquag</strong>)!<br></div><div class="spacer battle-history"><br></div><div class="battle-history">isocon withdrew Kyottler!<br></div><div class="battle-history">isocon sent out <strong>Glidol</strong>!<br></div><div class="spacer battle-history"><br></div><div class="battle-history"><small>(Rain continues to fall.)</small><br></div><div class="battle-history">[The opposing Glidol's Feel No Pain]<br><small>The opposing Glidol had its HP restored.</small><br></div><div class="spacer battle-history"><br></div><h2 class="battle-history">Turn 190</h2><div class="spacer battle-history"><br></div><div class="battle-history">isocon withdrew Glidol!<br></div><div class="battle-history">isocon sent out <strong>Jirachonator</strong>!<br></div><div class="spacer battle-history"><br></div><div class="battle-history">Weezking4FEUU used <strong>Scald</strong>!<br></div><div class="battle-history"><small>It's not very effective...</small><br></div><div class="battle-history"><small>(The opposing Jirachonator lost 12% of its health!)</small><br></div><div class="spacer battle-history"><br></div><div class="battle-history"><small>(Rain continues to fall.)</small><br></div><div class="battle-history"><small>The opposing Jirachonator restored a little HP using its Leftovers!</small><br></div><div class="battle-history"><small>The opposing Jirachonator was hurt by its burn!</small><br></div><div class="spacer battle-history"><br></div><h2 class="battle-history">Turn 191</h2><div class="spacer battle-history"><br></div><div class="battle-history">The opposing Jirachonator used <strong>Stealth Rock</strong>!<br></div><div class="battle-history"><small>Pointed stones float in the air around your team!</small><br></div><div class="spacer battle-history"><br></div><div class="battle-history">Weezking4FEUU used <strong>Scald</strong>!<br></div><div class="battle-history"><small>It's not very effective...</small><br></div><div class="battle-history"><small>(The opposing Jirachonator lost 13% of its health!)</small><br></div><div class="spacer battle-history"><br></div><div class="battle-history"><small>The rain stopped.</small><br></div><div class="battle-history"><small>The opposing Jirachonator restored a little HP using its Leftovers!</small><br></div><div class="battle-history"><small>The opposing Jirachonator was hurt by its burn!</small><br></div><div class="spacer battle-history"><br></div><h2 class="battle-history">Turn 192</h2><div class="spacer battle-history"><br></div><div class="battle-history">The opposing Jirachonator used <strong>Draco Meteor</strong>!<br></div><div class="battle-history"><small>(Weezking4FEUU lost 37% of its health!)</small><br></div><div class="battle-history"><small>The opposing Jirachonator's Sp. Atk fell harshly!</small><br></div><div class="spacer battle-history"><br></div><div class="battle-history">Weezking4FEUU used <strong>Scald</strong>!<br></div><div class="battle-history"><small>It's not very effective...</small><br></div><div class="battle-history"><small>(The opposing Jirachonator lost 8% of its health!)</small><br></div><div class="spacer battle-history"><br></div><div class="battle-history"><small>The opposing Jirachonator restored a little HP using its Leftovers!</small><br></div><div class="battle-history"><small>The opposing Jirachonator was hurt by its burn!</small><br></div><div class="spacer battle-history"><br></div><h2 class="battle-history">Turn 193</h2><div class="spacer battle-history"><br></div><div class="battle-history">isocon withdrew Jirachonator!<br></div><div class="battle-history">isocon sent out <strong>Glidol</strong>!<br></div><div class="spacer battle-history"><br></div><div class="battle-history">Weezking4FEUU used <strong>Recover</strong>!<br></div><div class="battle-history"><small>Weezking4FEUU had its HP restored.</small><br></div><div class="spacer battle-history"><br></div><div class="battle-history">[The opposing Glidol's Feel No Pain]<br><small>The opposing Glidol had its HP restored.</small><br></div><div class="spacer battle-history"><br></div><h2 class="battle-history">Turn 194</h2><div class="spacer battle-history"><br></div><div class="battle-history">isocon withdrew Glidol!<br></div><div class="battle-history">isocon sent out <strong>Tentoxys-Defense</strong>!<br></div><div class="battle-history">[The opposing Tentoxys-Defense's Downpour]<br></div><div class="spacer battle-history"><br></div><div class="battle-history">Weezking4FEUU used <strong>Scald</strong>!<br></div><div class="battle-history">[The opposing Tentoxys-Defense's Downpour]<br><small>The opposing Tentoxys-Defense had its HP restored.</small><br></div><div class="battle-history"><small>(The opposing Tentoxys-Defense lost 21% of its health!)</small><br></div><div class="spacer battle-history"><br></div><div class="battle-history"><small>The opposing Tentoxys-Defense was hurt by its burn!</small><br></div><div class="spacer battle-history"><br></div><h2 class="battle-history">Turn 195</h2><div class="spacer battle-history"><br></div><div class="battle-history">Weezking4FEUU, come back!<br></div><div class="battle-history">Go! Gliscor 2 (<strong>Glidol</strong>)!<br></div><div class="battle-history"><small>Pointed stones dug into Gliscor 2!</small><br></div><div class="spacer battle-history"><br></div><div class="battle-history">The opposing Tentoxys-Defense used <strong>Sludge Bomb</strong>!<br></div><div class="battle-history"><small>It's not very effective...</small><br></div><div class="battle-history"><small>(Gliscor 2 lost 20% of its health!)</small><br></div><div class="spacer battle-history"><br></div><div class="battle-history"><small>The opposing Tentoxys-Defense was hurt by its burn!</small><br></div><div class="spacer battle-history"><br></div><h2 class="battle-history">Turn 196</h2><div class="spacer battle-history"><br></div><div class="battle-history">isocon withdrew Tentoxys-Defense!<br></div><div class="battle-history">isocon sent out Avarupt (<strong>Avarupt-Mega</strong>)!<br></div><div class="spacer battle-history"><br></div><div class="battle-history">Gliscor 2 used <strong>Roost</strong>!<br></div><div class="battle-history"><small>Gliscor 2 had its HP restored.</small><br></div><div class="battle-history"><small>(Gliscor 2 loses Flying type this turn.)</small><br></div><div class="spacer battle-history"><br></div><h2 class="battle-history">Turn 197</h2><div class="spacer battle-history"><br></div><div class="battle-history">Gliscor 2, come back!<br></div><div class="battle-history">Go! Birbsmart (<strong>Mesflame</strong>)!<br></div><div class="battle-history"><small>Pointed stones dug into Birbsmart!</small><br></div><div class="spacer battle-history"><br></div><div class="battle-history">The opposing Avarupt used <strong>Ice Beam</strong>!<br></div><div class="battle-history"><small>It's not very effective...</small><br></div><div class="battle-history"><small>(Birbsmart lost 28% of its health!)</small><br></div><div class="spacer battle-history"><br></div><div class="battle-history"><small>Birbsmart was hurt by poison!</small><br></div><div class="spacer battle-history"><br></div><h2 class="battle-history">Turn 198</h2><div class="chat message-error">isocon has 270 seconds left.</div><div class="spacer battle-history"><br></div><div class="battle-history">isocon withdrew Avarupt!<br></div><div class="battle-history">isocon sent out <strong>Kyottler</strong>!<br></div><div class="battle-history">[The opposing Kyottler's Wet Bugs]<br><small>It started to rain!</small><br></div><div class="spacer battle-history"><br></div><div class="battle-history">Birbsmart used <strong>Roost</strong>!<br></div><div class="battle-history"><small>Birbsmart had its HP restored.</small><br></div><div class="spacer battle-history"><br></div><div class="battle-history"><small>(Rain continues to fall.)</small><br></div><div class="battle-history"><small>Birbsmart was hurt by poison!</small><br></div><div class="spacer battle-history"><br></div><h2 class="battle-history">Turn 199</h2><div class="chat message-error">isocon has 270 seconds left.</div><div class="spacer battle-history"><br></div><div class="battle-history">Birbsmart, come back!<br></div><div class="battle-history">Go! Weezking4FEUU (<strong>Volquag</strong>)!<br></div><div class="battle-history"><small>Pointed stones dug into Weezking4FEUU!</small><br></div><div class="spacer battle-history"><br></div><div class="battle-history">isocon withdrew Kyottler!<br></div><div class="battle-history">isocon sent out <strong>Glidol</strong>!<br></div><div class="spacer battle-history"><br></div><div class="battle-history"><small>(Rain continues to fall.)</small><br></div><div class="spacer battle-history"><br></div><h2 class="battle-history">Turn 200</h2><div class="spacer battle-history"><br></div><div class="battle-history">isocon withdrew Glidol!<br></div><div class="battle-history">isocon sent out <strong>Tentoxys-Defense</strong>!<br></div><div class="battle-history">[The opposing Tentoxys-Defense's Downpour]<br></div><div class="spacer battle-history"><br></div><div class="battle-history">Weezking4FEUU used <strong>Scald</strong>!<br></div><div class="battle-history">[The opposing Tentoxys-Defense's Downpour]<br><small>The opposing Tentoxys-Defense had its HP restored.</small><br></div><div class="battle-history"><small>(The opposing Tentoxys-Defense lost 30% of its health!)</small><br></div><div class="spacer battle-history"><br></div><div class="battle-history"><small>(Rain continues to fall.)</small><br></div><div class="battle-history"><small>The opposing Tentoxys-Defense was hurt by its burn!</small><br></div><div class="spacer battle-history"><br></div><h2 class="battle-history">Turn 201</h2><div class="spacer battle-history"><br></div><div class="battle-history">Weezking4FEUU, come back!<br></div><div class="battle-history">Go! Gliscor 2 (<strong>Glidol</strong>)!<br></div><div class="battle-history"><small>Pointed stones dug into Gliscor 2!</small><br></div><div class="spacer battle-history"><br></div><div class="battle-history">The opposing Tentoxys-Defense used <strong>Recover</strong>!<br></div><div class="battle-history"><small>The opposing Tentoxys-Defense had its HP restored.</small><br></div><div class="spacer battle-history"><br></div><div class="battle-history"><small>(Rain continues to fall.)</small><br></div><div class="battle-history"><small>The opposing Tentoxys-Defense was hurt by its burn!</small><br></div><div class="spacer battle-history"><br></div><h2 class="battle-history">Turn 202</h2><div class="spacer battle-history"><br></div><div class="battle-history">isocon withdrew Tentoxys-Defense!<br></div><div class="battle-history">isocon sent out Avarupt (<strong>Avarupt-Mega</strong>)!<br></div><div class="spacer battle-history"><br></div><div class="battle-history">Gliscor 2 used <strong>Rapid Spin</strong>!<br></div><div class="battle-history"><small>(The opposing Avarupt lost 6% of its health!)</small><br></div><div class="battle-history"><small>Gliscor 2's Speed rose!</small><br></div><div class="battle-history"><small>The pointed stones disappeared from around your team!</small><br></div><div class="spacer battle-history"><br></div><div class="battle-history"><small>The rain stopped.</small><br></div><div class="spacer battle-history"><br></div><h2 class="battle-history">Turn 203</h2><div class="chat message-error">isocon has 270 seconds left.</div><div class="spacer battle-history"><br></div><div class="battle-history">Gliscor 2, come back!<br></div><div class="battle-history">Go! Birbsmart (<strong>Mesflame</strong>)!<br></div><div class="spacer battle-history"><br></div><div class="battle-history">The opposing Avarupt used <strong>Ice Beam</strong>!<br></div><div class="battle-history"><small>It's not very effective...</small><br></div><div class="battle-history"><small>(Birbsmart lost 26% of its health!)</small><br></div><div class="spacer battle-history"><br></div><div class="battle-history"><small>Birbsmart was hurt by poison!</small><br></div><div class="spacer battle-history"><br></div><h2 class="battle-history">Turn 204</h2><div class="spacer battle-history"><br></div><div class="battle-history">isocon withdrew Avarupt!<br></div><div class="battle-history">isocon sent out <strong>Kyottler</strong>!<br></div><div class="battle-history">[The opposing Kyottler's Wet Bugs]<br><small>It started to rain!</small><br></div><div class="spacer battle-history"><br></div><div class="battle-history">Birbsmart used <strong>Roost</strong>!<br></div><div class="battle-history"><small>Birbsmart had its HP restored.</small><br></div><div class="spacer battle-history"><br></div><div class="battle-history"><small>(Rain continues to fall.)</small><br></div><div class="battle-history"><small>Birbsmart was hurt by poison!</small><br></div><div class="spacer battle-history"><br></div><h2 class="battle-history">Turn 205</h2><div class="spacer battle-history"><br></div><div class="battle-history">Birbsmart, come back!<br></div><div class="battle-history">Go! Goofy (<strong>Igglyzenta-Crowned</strong>)!<br></div><div class="battle-history">[Goofy's Friend Shield]<br></div><div class="battle-history"><small>Goofy's Defense rose!</small><br></div><div class="battle-history"><small>Goofy's Sp. Def rose!</small><br></div><div class="spacer battle-history"><br></div><div class="battle-history">The opposing Kyottler used <strong>Thunder</strong>!<br></div><div class="battle-history"><small>(Goofy lost 22% of its health!)</small><br></div><div class="spacer battle-history"><br></div><div class="battle-history"><small>(Rain continues to fall.)</small><br></div><div class="spacer battle-history"><br></div><h2 class="battle-history">Turn 206</h2><div class="spacer battle-history"><br></div><div class="battle-history">isocon withdrew Kyottler!<br></div><div class="battle-history">isocon sent out <strong>Glidol</strong>!<br></div><div class="spacer battle-history"><br></div><div class="battle-history">Goofy, come back!<br></div><div class="battle-history">Go! Weezking4FEUU (<strong>Volquag</strong>)!<br></div><div class="spacer battle-history"><br></div><div class="battle-history"><small>(Rain continues to fall.)</small><br></div><div class="spacer battle-history"><br></div><h2 class="battle-history">Turn 207</h2><div class="spacer battle-history"><br></div><div class="battle-history">isocon withdrew Glidol!<br></div><div class="battle-history">isocon sent out <strong>Tentoxys-Defense</strong>!<br></div><div class="battle-history">[The opposing Tentoxys-Defense's Downpour]<br></div><div class="spacer battle-history"><br></div><div class="battle-history">Weezking4FEUU, come back!<br></div><div class="battle-history">Go! Gliscor 2 (<strong>Glidol</strong>)!<br></div><div class="spacer battle-history"><br></div><div class="battle-history"><small>(Rain continues to fall.)</small><br></div><div class="battle-history"><small>The opposing Tentoxys-Defense was hurt by its burn!</small><br></div><div class="spacer battle-history"><br></div><h2 class="battle-history">Turn 208</h2><div class="spacer battle-history"><br></div><div class="battle-history">isocon withdrew Tentoxys-Defense!<br></div><div class="battle-history">isocon sent out Avarupt (<strong>Avarupt-Mega</strong>)!<br></div><div class="spacer battle-history"><br></div><div class="battle-history">Gliscor 2 used <strong>Earthquake</strong>!<br></div><div class="battle-history"><small>(The opposing Avarupt lost 17% of its health!)</small><br></div><div class="spacer battle-history"><br></div><div class="battle-history"><small>The rain stopped.</small><br></div><div class="spacer battle-history"><br></div><h2 class="battle-history">Turn 209</h2><div class="chat message-error">isocon has 240 seconds left.</div><div class="spacer battle-history"><br></div><div class="battle-history">Gliscor 2, come back!<br></div><div class="battle-history">Go! Birbsmart (<strong>Mesflame</strong>)!<br></div><div class="spacer battle-history"><br></div><div class="battle-history">isocon withdrew Avarupt!<br></div><div class="battle-history">isocon sent out <strong>Glidol</strong>!<br></div><div class="spacer battle-history"><br></div><div class="battle-history"><small>Birbsmart was hurt by poison!</small><br></div><div class="spacer battle-history"><br></div><h2 class="battle-history">Turn 210</h2><div class="spacer battle-history"><br></div><div class="battle-history">isocon withdrew Glidol!<br></div><div class="battle-history">isocon sent out <strong>Kyottler</strong>!<br></div><div class="battle-history">[The opposing Kyottler's Wet Bugs]<br><small>It started to rain!</small><br></div><div class="spacer battle-history"><br></div><div class="battle-history">Birbsmart used <strong>Roost</strong>!<br></div><div class="battle-history"><small>Birbsmart had its HP restored.</small><br></div><div class="spacer battle-history"><br></div><div class="battle-history"><small>(Rain continues to fall.)</small><br></div><div class="battle-history"><small>Birbsmart was hurt by poison!</small><br></div><div class="spacer battle-history"><br></div><h2 class="battle-history">Turn 211</h2><div class="chat message-error">isocon has 240 seconds left.</div><div class="spacer battle-history"><br></div><div class="battle-history">Birbsmart, come back!<br></div><div class="battle-history">Go! Goofy (<strong>Igglyzenta-Crowned</strong>)!<br></div><div class="battle-history">[Goofy's Friend Shield]<br></div><div class="battle-history"><small>Goofy's Defense rose!</small><br></div><div class="battle-history"><small>Goofy's Sp. Def rose!</small><br></div><div class="spacer battle-history"><br></div><div class="battle-history">isocon withdrew Kyottler!<br></div><div class="battle-history">isocon sent out <strong>Glidol</strong>!<br></div><div class="spacer battle-history"><br></div><div class="battle-history"><small>(Rain continues to fall.)</small><br></div><div class="spacer battle-history"><br></div><h2 class="battle-history">Turn 212</h2><div class="spacer battle-history"><br></div><div class="battle-history">isocon withdrew Glidol!<br></div><div class="battle-history">isocon sent out <strong>Kyottler</strong>!<br></div><div class="spacer battle-history"><br></div><div class="battle-history">Goofy, come back!<br></div><div class="battle-history">Go! Gliscor 2 (<strong>Glidol</strong>)!<br></div><div class="spacer battle-history"><br></div><div class="battle-history"><small>(Rain continues to fall.)</small><br></div><div class="spacer battle-history"><br></div><h2 class="battle-history">Turn 213</h2><div class="chat message-error">isocon has 240 seconds left.</div><div class="spacer battle-history"><br></div><div class="battle-history">Gliscor 2, come back!<br></div><div class="battle-history">Go! Weezking4FEUU (<strong>Volquag</strong>)!<br></div><div class="spacer battle-history"><br></div><div class="battle-history">isocon withdrew Kyottler!<br></div><div class="battle-history">isocon sent out Avarupt (<strong>Avarupt-Mega</strong>)!<br></div><div class="spacer battle-history"><br></div><div class="battle-history"><small>(Rain continues to fall.)</small><br></div><div class="spacer battle-history"><br></div><h2 class="battle-history">Turn 214</h2><div class="spacer battle-history"><br></div><div class="battle-history">isocon withdrew Avarupt!<br></div><div class="battle-history">isocon sent out <strong>Tentoxys-Defense</strong>!<br></div><div class="battle-history">[The opposing Tentoxys-Defense's Downpour]<br></div><div class="spacer battle-history"><br></div><div class="battle-history">Weezking4FEUU used <strong>Scald</strong>!<br></div><div class="battle-history">[The opposing Tentoxys-Defense's Downpour]<br><small>The opposing Tentoxys-Defense had its HP restored.</small><br></div><div class="battle-history"><small>(The opposing Tentoxys-Defense lost 35% of its health!)</small><br></div><div class="spacer battle-history"><br></div><div class="battle-history"><small>The rain stopped.</small><br></div><div class="battle-history"><small>The opposing Tentoxys-Defense was hurt by its burn!</small><br></div><div class="spacer battle-history"><br></div><h2 class="battle-history">Turn 215</h2><div class="spacer battle-history"><br></div><div class="battle-history">Weezking4FEUU, come back!<br></div><div class="battle-history">Go! Gliscor 2 (<strong>Glidol</strong>)!<br></div><div class="spacer battle-history"><br></div><div class="battle-history">The opposing Tentoxys-Defense used <strong>Recover</strong>!<br></div><div class="battle-history"><small>The opposing Tentoxys-Defense had its HP restored.</small><br></div><div class="spacer battle-history"><br></div><div class="battle-history"><small>The opposing Tentoxys-Defense was hurt by its burn!</small><br></div><div class="spacer battle-history"><br></div><h2 class="battle-history">Turn 216</h2><div class="spacer battle-history"><br></div><div class="battle-history">isocon withdrew Tentoxys-Defense!<br></div><div class="battle-history">isocon sent out Avarupt (<strong>Avarupt-Mega</strong>)!<br></div><div class="spacer battle-history"><br></div><div class="battle-history">Gliscor 2, come back!<br></div><div class="battle-history">Go! Weezking4FEUU (<strong>Volquag</strong>)!<br></div><div class="spacer battle-history"><br></div><h2 class="battle-history">Turn 217</h2><div class="chat message-error">isocon has 240 seconds left.</div><div class="chat message-error">isocon has 210 seconds left.</div><div class="chat message-error">isocon has 180 seconds left.</div><div class="chat message-error">isocon has 150 seconds left.</div><div class="spacer battle-history"><br></div><div class="battle-history">Weezking4FEUU, come back!<br></div><div class="battle-history">Go! Birbsmart (<strong>Mesflame</strong>)!<br></div><div class="spacer battle-history"><br></div><div class="battle-history">The opposing Avarupt used <strong>Earth Power</strong>!<br></div><div class="battle-history">[Birbsmart's Leviflame]<br><small>It doesn't affect Birbsmart...</small><br></div><div class="spacer battle-history"><br></div><div class="battle-history"><small>Birbsmart was hurt by poison!</small><br></div><div class="spacer battle-history"><br></div><h2 class="battle-history">Turn 218</h2><div class="spacer battle-history"><br></div><div class="battle-history">isocon withdrew Avarupt!<br></div><div class="battle-history">isocon sent out <strong>Kyottler</strong>!<br></div><div class="battle-history">[The opposing Kyottler's Wet Bugs]<br><small>It started to rain!</small><br></div><div class="spacer battle-history"><br></div><div class="battle-history">Birbsmart used <strong>Overheat</strong>!<br></div><div class="battle-history"><small>(The opposing Kyottler lost 17% of its health!)</small><br></div><div class="battle-history"><small>Birbsmart's Sp. Atk fell harshly!</small><br></div><div class="spacer battle-history"><br></div><div class="battle-history"><small>(Rain continues to fall.)</small><br></div><div class="battle-history"><small>The opposing Kyottler restored a little HP using its Leftovers!</small><br></div><div class="battle-history"><small>Birbsmart was hurt by poison!</small><br></div><div class="spacer battle-history"><br></div><h2 class="battle-history">Turn 219</h2><div class="spacer battle-history"><br></div><div class="battle-history">Birbsmart, come back!<br></div><div class="battle-history">Go! Goofy (<strong>Igglyzenta-Crowned</strong>)!<br></div><div class="battle-history">[Goofy's Friend Shield]<br></div><div class="battle-history"><small>Goofy's Defense rose!</small><br></div><div class="battle-history"><small>Goofy's Sp. Def rose!</small><br></div><div class="spacer battle-history"><br></div><div class="battle-history">isocon withdrew Kyottler!<br></div><div class="battle-history">isocon sent out <strong>Glidol</strong>!<br></div><div class="spacer battle-history"><br></div><div class="battle-history"><small>(Rain continues to fall.)</small><br></div><div class="spacer battle-history"><br></div><h2 class="battle-history">Turn 220</h2><div class="spacer battle-history"><br></div><div class="battle-history">isocon withdrew Glidol!<br></div><div class="battle-history">isocon sent out <strong>Kyottler</strong>!<br></div><div class="spacer battle-history"><br></div><div class="battle-history">Goofy, come back!<br></div><div class="battle-history">Go! Gliscor 2 (<strong>Glidol</strong>)!<br></div><div class="spacer battle-history"><br></div><div class="battle-history"><small>(Rain continues to fall.)</small><br></div><div class="battle-history"><small>The opposing Kyottler restored a little HP using its Leftovers!</small><br></div><div class="spacer battle-history"><br></div><h2 class="battle-history">Turn 221</h2><div class="spacer battle-history"><br></div><div class="battle-history">Gliscor 2, come back!<br></div><div class="battle-history">Go! Weezking4FEUU (<strong>Volquag</strong>)!<br></div><div class="spacer battle-history"><br></div><div class="battle-history">The opposing Kyottler used <strong>Thunder</strong>!<br></div><div class="battle-history"><small>It's super effective!</small><br></div><div class="battle-history"><small>(Weezking4FEUU lost 51% of its health!)</small><br></div><div class="spacer battle-history"><br></div><div class="battle-history"><small>(Rain continues to fall.)</small><br></div><div class="battle-history"><small>The opposing Kyottler restored a little HP using its Leftovers!</small><br></div><div class="spacer battle-history"><br></div><h2 class="battle-history">Turn 222</h2><div class="spacer battle-history"><br></div><div class="battle-history">Weezking4FEUU, come back!<br></div><div class="battle-history">Go! Goofy (<strong>Igglyzenta-Crowned</strong>)!<br></div><div class="battle-history">[Goofy's Friend Shield]<br></div><div class="battle-history"><small>Goofy's Defense rose!</small><br></div><div class="battle-history"><small>Goofy's Sp. Def rose!</small><br></div><div class="spacer battle-history"><br></div><div class="battle-history">The opposing Kyottler used <strong>Thunder</strong>!<br></div><div class="battle-history"><small>(Goofy lost 22% of its health!)</small><br></div><div class="spacer battle-history"><br></div><div class="battle-history"><small>The rain stopped.</small><br></div><div class="spacer battle-history"><br></div><h2 class="battle-history">Turn 223</h2><div class="spacer battle-history"><br></div><div class="battle-history">isocon withdrew Kyottler!<br></div><div class="battle-history">isocon sent out <strong>Glidol</strong>!<br></div><div class="spacer battle-history"><br></div><div class="battle-history">Goofy used <strong>Wish</strong>!<br></div><div class="spacer battle-history"><br></div><h2 class="battle-history">Turn 224</h2><div class="spacer battle-history"><br></div><div class="battle-history">Goofy used <strong>Protect</strong>!<br></div><div class="battle-history"><small>Goofy protected itself!</small><br></div><div class="spacer battle-history"><br></div><div class="battle-history">The opposing Glidol used <strong>Earthquake</strong>!<br></div><div class="battle-history"><small>Goofy protected itself!</small><br></div><div class="spacer battle-history"><br></div><div class="battle-history"><small>Goofy's wish came true!</small><br></div><div class="spacer battle-history"><br></div><h2 class="battle-history">Turn 225</h2><div class="spacer battle-history"><br></div><div class="battle-history">isocon withdrew Glidol!<br></div><div class="battle-history">isocon sent out <strong>Kyottler</strong>!<br></div><div class="battle-history">[The opposing Kyottler's Wet Bugs]<br><small>It started to rain!</small><br></div><div class="spacer battle-history"><br></div><div class="battle-history">Goofy used <strong>Wish</strong>!<br></div><div class="spacer battle-history"><br></div><div class="battle-history"><small>(Rain continues to fall.)</small><br></div><div class="spacer battle-history"><br></div><h2 class="battle-history">Turn 226</h2><div class="spacer battle-history"><br></div><div class="battle-history">Goofy, come back!<br></div><div class="battle-history">Go! ND+ Cofagrigus2 (<strong>Porygrigus</strong>)!<br></div><div class="battle-history">[ND+ Cofagrigus2's Pillage]<br></div><div class="battle-history"><small>ND+ Cofagrigus2 swapped Abilities with its target!</small><br></div><div class="battle-history">[ND+ Cofagrigus2's Wet Bugs]<br></div><div class="battle-history">[The opposing Kyottler's Pillage]<br></div><div class="spacer battle-history"><br></div><div class="battle-history">The opposing Kyottler used <strong>Thunder</strong>!<br></div><div class="battle-history"><small>(ND+ Cofagrigus2 lost 35% of its health!)</small><br></div><div class="spacer battle-history"><br></div><div class="battle-history"><small>(Rain continues to fall.)</small><br></div><div class="battle-history"><small>Goofy's wish came true!</small><br></div><div class="battle-history"><small>ND+ Cofagrigus2 was hurt by poison!</small><br></div><div class="spacer battle-history"><br></div><h2 class="battle-history">Turn 227</h2><div class="spacer battle-history"><br></div><div class="battle-history">isocon withdrew Kyottler!<br></div><div class="battle-history">isocon sent out <strong>Jirachonator</strong>!<br></div><div class="spacer battle-history"><br></div><div class="battle-history">ND+ Cofagrigus2, come back!<br></div><div class="battle-history">Go! Goofy (<strong>Igglyzenta-Crowned</strong>)!<br></div><div class="battle-history">[Goofy's Friend Shield]<br></div><div class="battle-history"><small>Goofy's Defense rose!</small><br></div><div class="battle-history"><small>Goofy's Sp. Def rose!</small><br></div><div class="spacer battle-history"><br></div><div class="battle-history"><small>(Rain continues to fall.)</small><br></div><div class="battle-history"><small>The opposing Jirachonator restored a little HP using its Leftovers!</small><br></div><div class="battle-history"><small>The opposing Jirachonator was hurt by its burn!</small><br></div><div class="spacer battle-history"><br></div><h2 class="battle-history">Turn 228</h2><div class="spacer battle-history"><br></div><div class="battle-history">Goofy used <strong>Play Rough</strong>!<br></div><div class="battle-history"><small>(The opposing Jirachonator lost 23% of its health!)</small><br></div><div class="spacer battle-history"><br></div><div class="battle-history">The opposing Jirachonator used <strong>Stealth Rock</strong>!<br></div><div class="battle-history"><small>Pointed stones float in the air around your team!</small><br></div><div class="spacer battle-history"><br></div><div class="battle-history"><small>(Rain continues to fall.)</small><br></div><div class="battle-history"><small>The opposing Jirachonator restored a little HP using its Leftovers!</small><br></div><div class="battle-history"><small>The opposing Jirachonator was hurt by its burn!</small><br></div><div class="spacer battle-history"><br></div><h2 class="battle-history">Turn 229</h2><div class="chat message-error">isocon has 120 seconds left.</div><div class="spacer battle-history"><br></div><div class="battle-history">isocon withdrew Jirachonator!<br></div><div class="battle-history">isocon sent out <strong>Kyottler</strong>!<br></div><div class="spacer battle-history"><br></div><div class="battle-history">Goofy used <strong>Behemoth Bash</strong>!<br></div><div class="battle-history"><small>It's not very effective...</small><br></div><div class="battle-history"><small>(The opposing Kyottler lost 20% of its health!)</small><br></div><div class="spacer battle-history"><br></div><div class="battle-history"><small>The rain stopped.</small><br></div><div class="battle-history"><small>The opposing Kyottler restored a little HP using its Leftovers!</small><br></div><div class="spacer battle-history"><br></div><h2 class="battle-history">Turn 230</h2><div class="spacer battle-history"><br></div><div class="battle-history">The opposing Kyottler used <strong>Recover</strong>!<br></div><div class="battle-history"><small>The opposing Kyottler had its HP restored.</small><br></div><div class="spacer battle-history"><br></div><div class="battle-history">Goofy used <strong>Wish</strong>!<br></div><div class="spacer battle-history"><br></div><h2 class="battle-history">Turn 231</h2><div class="spacer battle-history"><br></div><div class="battle-history">Goofy used <strong>Play Rough</strong>!<br></div><div class="battle-history"><small>(The opposing Kyottler lost 35% of its health!)</small><br></div><div class="spacer battle-history"><br></div><div class="battle-history">The opposing Kyottler used <strong>Recover</strong>!<br></div><div class="battle-history"><small>The opposing Kyottler had its HP restored.</small><br></div><div class="spacer battle-history"><br></div><h2 class="battle-history">Turn 232</h2><div class="spacer battle-history"><br></div><div class="battle-history">isocon withdrew Kyottler!<br></div><div class="battle-history">isocon sent out <strong>Glidol</strong>!<br></div><div class="spacer battle-history"><br></div><div class="battle-history">Goofy used <strong>Protect</strong>!<br></div><div class="battle-history"><small>But it failed!</small><br></div><div class="spacer battle-history"><br></div><h2 class="battle-history">Turn 233</h2><div class="spacer battle-history"><br></div><div class="battle-history">isocon withdrew Glidol!<br></div><div class="battle-history">isocon sent out <strong>Kyottler</strong>!<br></div><div class="battle-history">[The opposing Kyottler's Wet Bugs]<br><small>It started to rain!</small><br></div><div class="spacer battle-history"><br></div><div class="battle-history">Goofy, come back!<br></div><div class="battle-history">Go! Gliscor 2 (<strong>Glidol</strong>)!<br></div><div class="battle-history"><small>Pointed stones dug into Gliscor 2!</small><br></div><div class="spacer battle-history"><br></div><div class="battle-history"><small>(Rain continues to fall.)</small><br></div><div class="spacer battle-history"><br></div><h2 class="battle-history">Turn 234</h2><div class="spacer battle-history"><br></div><div class="battle-history">Gliscor 2, come back!<br></div><div class="battle-history">Go! Goofy (<strong>Igglyzenta-Crowned</strong>)!<br></div><div class="battle-history"><small>Pointed stones dug into Goofy!</small><br></div><div class="battle-history">[Goofy's Friend Shield]<br></div><div class="battle-history"><small>Goofy's Defense rose!</small><br></div><div class="battle-history"><small>Goofy's Sp. Def rose!</small><br></div><div class="spacer battle-history"><br></div><div class="battle-history">The opposing Kyottler used <strong>Origin Pulse</strong>!<br></div><div class="battle-history"><small>(Goofy lost 50% of its health!)</small><br></div><div class="spacer battle-history"><br></div><div class="battle-history"><small>(Rain continues to fall.)</small><br></div><div class="spacer battle-history"><br></div><h2 class="battle-history">Turn 235</h2><div class="spacer battle-history"><br></div><div class="battle-history">Goofy used <strong>Protect</strong>!<br></div><div class="battle-history"><small>Goofy protected itself!</small><br></div><div class="spacer battle-history"><br></div><div class="battle-history">The opposing Kyottler used <strong>Origin Pulse</strong>!<br></div><div class="battle-history"><small>Goofy protected itself!</small><br></div><div class="spacer battle-history"><br></div><div class="battle-history"><small>(Rain continues to fall.)</small><br></div><div class="spacer battle-history"><br></div><h2 class="battle-history">Turn 236</h2><div class="spacer battle-history"><br></div><div class="battle-history">Goofy, come back!<br></div><div class="battle-history">Go! Weezking4FEUU (<strong>Volquag</strong>)!<br></div><div class="battle-history"><small>Pointed stones dug into Weezking4FEUU!</small><br></div><div class="spacer battle-history"><br></div><div class="battle-history">Weezking4FEUU fainted!<br></div><div class="battle-history">The opposing Kyottler used <strong>Origin Pulse</strong>!<br></div><div class="battle-history"><small>But it failed!</small><br></div><div class="spacer battle-history"><br></div><div class="battle-history"><small>(Rain continues to fall.)</small><br></div><div class="spacer battle-history"><br></div><div class="battle-history">Go! Birbsmart (<strong>Mesflame</strong>)!<br></div><div class="battle-history"><small>Pointed stones dug into Birbsmart!</small><br></div><div class="spacer battle-history"><br></div><h2 class="battle-history">Turn 237</h2><div class="spacer battle-history"><br></div><div class="battle-history">Birbsmart used <strong>Trick</strong>!<br></div><div class="battle-history"><small>Birbsmart switched items with its target!</small><br></div><div class="battle-history"><small>Birbsmart obtained one Leftovers.</small><br></div><div class="spacer battle-history"><br></div><div class="battle-history">The opposing Kyottler used <strong>Origin Pulse</strong>!<br></div><div class="battle-history"><small>It's super effective!</small><br></div><div class="battle-history"><small>(Birbsmart lost 35% of its health!)</small><br></div><div class="spacer battle-history"><br></div><div class="battle-history">Birbsmart fainted!<br></div><div class="spacer battle-history"><br></div><div class="battle-history"><small>The rain stopped.</small><br></div><div class="spacer battle-history"><br></div><div class="battle-history">Go! Gliscor 2 (<strong>Glidol</strong>)!<br></div><div class="battle-history"><small>Pointed stones dug into Gliscor 2!</small><br></div><div class="spacer battle-history"><br></div><h2 class="battle-history">Turn 238</h2><div class="spacer battle-history"><br></div><div class="battle-history">Gliscor 2 used <strong>Rapid Spin</strong>!<br></div><div class="battle-history"><small>(The opposing Kyottler lost 12% of its health!)</small><br></div><div class="battle-history"><small>Gliscor 2's Speed rose!</small><br></div><div class="battle-history"><small>The pointed stones disappeared from around your team!</small><br></div><div class="spacer battle-history"><br></div><div class="battle-history">The opposing Kyottler used <strong>Origin Pulse</strong>!<br></div><div class="battle-history"><small>Gliscor 2 avoided the attack!</small><br></div><div class="spacer battle-history"><br></div><h2 class="battle-history">Turn 239</h2><div class="chat chatmessage-gekokeso"><strong style="color:#9b940e"><small>+</small><span class="username" data-name="Gekokeso">Gekokeso</span>:</strong> <em>iso have my children</em></div><div class="spacer battle-history"><br></div><div class="battle-history">Gliscor 2, come back!<br></div><div class="battle-history">Go! Goofy (<strong>Igglyzenta-Crowned</strong>)!<br></div><div class="battle-history">[Goofy's Friend Shield]<br></div><div class="battle-history"><small>Goofy's Defense rose!</small><br></div><div class="battle-history"><small>Goofy's Sp. Def rose!</small><br></div><div class="spacer battle-history"><br></div><div class="battle-history">isocon withdrew Kyottler!<br></div><div class="battle-history">isocon sent out <strong>Glidol</strong>!<br></div><div class="spacer battle-history"><br></div><h2 class="battle-history">Turn 240</h2><div class="spacer battle-history"><br></div><div class="battle-history">The opposing Glidol used <strong>Earthquake</strong>!<br></div><div class="battle-history"><small>It's super effective!</small><br></div><div class="battle-history"><small>(Goofy lost 32% of its health!)</small><br></div><div class="spacer battle-history"><br></div><div class="battle-history">Goofy used <strong>Wish</strong>!<br></div><div class="spacer battle-history"><br></div><h2 class="battle-history">Turn 241</h2><div class="chat chatmessage-zxgzxg"><strong style="color:#8f19ef"><small>+</small><span class="username" data-name="zxgzxg">zxgzxg</span>:</strong> <em>hes doing it</em></div><div class="spacer battle-history"><br></div><div class="battle-history">isocon withdrew Glidol!<br></div><div class="battle-history">isocon sent out <strong>Kyottler</strong>!<br></div><div class="battle-history">[The opposing Kyottler's Wet Bugs]<br><small>It started to rain!</small><br></div><div class="spacer battle-history"><br></div><div class="battle-history">Goofy used <strong>Protect</strong>!<br></div><div class="battle-history"><small>But it failed!</small><br></div><div class="spacer battle-history"><br></div><div class="battle-history"><small>(Rain continues to fall.)</small><br></div><div class="battle-history"><small>Goofy's wish came true!</small><br></div><div class="spacer battle-history"><br></div><h2 class="battle-history">Turn 242</h2><div class="spacer battle-history"><br></div><div class="battle-history">isocon withdrew Kyottler!<br></div><div class="battle-history">isocon sent out <strong>Glidol</strong>!<br></div><div class="spacer battle-history"><br></div><div class="battle-history">Goofy used <strong>Protect</strong>!<br></div><div class="battle-history"><small>But it failed!</small><br></div><div class="spacer battle-history"><br></div><div class="battle-history"><small>(Rain continues to fall.)</small><br></div><div class="spacer battle-history"><br></div><h2 class="battle-history">Turn 243</h2><div class="spacer battle-history"><br></div><div class="battle-history">isocon withdrew Glidol!<br></div><div class="battle-history">isocon sent out <strong>Kyottler</strong>!<br></div><div class="spacer battle-history"><br></div><div class="battle-history">Goofy used <strong>Wish</strong>!<br></div><div class="spacer battle-history"><br></div><div class="battle-history"><small>(Rain continues to fall.)</small><br></div><div class="spacer battle-history"><br></div><h2 class="battle-history">Turn 244</h2><div class="spacer battle-history"><br></div><div class="battle-history">Goofy used <strong>Play Rough</strong>!<br></div><div class="battle-history"><small>(The opposing Kyottler lost 32% of its health!)</small><br></div><div class="battle-history"><small>The opposing Kyottler's Attack fell!</small><br></div><div class="spacer battle-history"><br></div><div class="battle-history">The opposing Kyottler used <strong>Origin Pulse</strong>!<br></div><div class="battle-history"><small>(Goofy lost 44% of its health!)</small><br></div><div class="spacer battle-history"><br></div><div class="battle-history"><small>(Rain continues to fall.)</small><br></div><div class="battle-history"><small>Goofy's wish came true!</small><br></div><div class="spacer battle-history"><br></div><h2 class="battle-history">Turn 245</h2><div class="spacer battle-history"><br></div><div class="battle-history">Goofy used <strong>Protect</strong>!<br></div><div class="battle-history"><small>Goofy protected itself!</small><br></div><div class="spacer battle-history"><br></div><div class="battle-history">The opposing Kyottler used <strong>Recover</strong>!<br></div><div class="battle-history"><small>The opposing Kyottler had its HP restored.</small><br></div><div class="spacer battle-history"><br></div><div class="battle-history"><small>The rain stopped.</small><br></div><div class="spacer battle-history"><br></div><h2 class="battle-history">Turn 246</h2><div class="spacer battle-history"><br></div><div class="battle-history">isocon withdrew Kyottler!<br></div><div class="battle-history">isocon sent out <strong>Glidol</strong>!<br></div><div class="spacer battle-history"><br></div><div class="battle-history">Goofy used <strong>Play Rough</strong>!<br></div><div class="battle-history"><small>(The opposing Glidol lost 26% of its health!)</small><br></div><div class="spacer battle-history"><br></div><div class="battle-history">[The opposing Glidol's Feel No Pain]<br><small>The opposing Glidol had its HP restored.</small><br></div><div class="spacer battle-history"><br></div><h2 class="battle-history">Turn 247</h2><div class="spacer battle-history"><br></div><div class="battle-history">isocon withdrew Glidol!<br></div><div class="battle-history">isocon sent out <strong>Kyottler</strong>!<br></div><div class="battle-history">[The opposing Kyottler's Wet Bugs]<br><small>It started to rain!</small><br></div><div class="spacer battle-history"><br></div><div class="battle-history">Goofy used <strong>Play Rough</strong>!<br></div><div class="battle-history"><small>(The opposing Kyottler lost 34% of its health!)</small><br></div><div class="spacer battle-history"><br></div><div class="battle-history"><small>(Rain continues to fall.)</small><br></div><div class="spacer battle-history"><br></div><h2 class="battle-history">Turn 248</h2><div class="spacer battle-history"><br></div><div class="battle-history">Goofy used <strong>Play Rough</strong>!<br></div><div class="battle-history"><small>(The opposing Kyottler lost 37% of its health!)</small><br></div><div class="spacer battle-history"><br></div><div class="battle-history">The opposing Kyottler used <strong>Thunder</strong>!<br></div><div class="battle-history"><small>(Goofy lost 22% of its health!)</small><br></div><div class="spacer battle-history"><br></div><div class="battle-history"><small>(Rain continues to fall.)</small><br></div><div class="spacer battle-history"><br></div><h2 class="battle-history">Turn 249</h2><div class="spacer battle-history"><br></div><div class="battle-history">isocon withdrew Kyottler!<br></div><div class="battle-history">isocon sent out <strong>Glidol</strong>!<br></div><div class="spacer battle-history"><br></div><div class="battle-history">Goofy used <strong>Play Rough</strong>!<br></div><div class="battle-history"><small>A critical hit!</small><br></div><div class="battle-history"><small>(The opposing Glidol lost 41% of its health!)</small><br></div><div class="battle-history"><small>The opposing Glidol's Attack fell!</small><br></div><div class="spacer battle-history"><br></div><div class="battle-history"><small>(Rain continues to fall.)</small><br></div><div class="battle-history">[The opposing Glidol's Feel No Pain]<br><small>The opposing Glidol had its HP restored.</small><br></div><div class="spacer battle-history"><br></div><h2 class="battle-history">Turn 250</h2><div class="spacer battle-history"><br></div><div class="battle-history">The opposing Glidol used <strong>Roost</strong>!<br></div><div class="battle-history"><small>The opposing Glidol had its HP restored.</small><br></div><div class="battle-history"><small>(The opposing Glidol loses Flying type this turn.)</small><br></div><div class="spacer battle-history"><br></div><div class="battle-history">Goofy used <strong>Behemoth Bash</strong>!<br></div><div class="battle-history"><small>(The opposing Glidol lost 29% of its health!)</small><br></div><div class="spacer battle-history"><br></div><div class="battle-history"><small>(Rain continues to fall.)</small><br></div><div class="battle-history">[The opposing Glidol's Feel No Pain]<br><small>The opposing Glidol had its HP restored.</small><br></div><div class="spacer battle-history"><br></div><h2 class="battle-history">Turn 251</h2><div class="chat message-error">isocon has 120 seconds left.</div><div class="spacer battle-history"><br></div><div class="battle-history">isocon withdrew Glidol!<br></div><div class="battle-history">isocon sent out <strong>Jirachonator</strong>!<br></div><div class="spacer battle-history"><br></div><div class="battle-history">Goofy used <strong>Play Rough</strong>!<br></div><div class="battle-history"><small>(The opposing Jirachonator lost 18% of its health!)</small><br></div><div class="spacer battle-history"><br></div><div class="battle-history">The opposing Jirachonator fainted!<br></div><div class="spacer battle-history"><br></div><div class="battle-history"><small>The rain stopped.</small><br></div><div class="spacer battle-history"><br></div><div class="battle-history">isocon sent out <strong>Kyottler</strong>!<br></div><div class="battle-history">[The opposing Kyottler's Wet Bugs]<br><small>It started to rain!</small><br></div><div class="spacer battle-history"><br></div><h2 class="battle-history">Turn 252</h2><div class="spacer battle-history"><br></div><div class="battle-history">Goofy used <strong>Behemoth Bash</strong>!<br></div><div class="battle-history"><small>It's not very effective...</small><br></div><div class="battle-history"><small>(The opposing Kyottler lost 21% of its health!)</small><br></div><div class="spacer battle-history"><br></div><div class="battle-history">The opposing Kyottler used <strong>Recover</strong>!<br></div><div class="battle-history"><small>The opposing Kyottler had its HP restored.</small><br></div><div class="spacer battle-history"><br></div><div class="battle-history"><small>(Rain continues to fall.)</small><br></div><div class="spacer battle-history"><br></div><h2 class="battle-history">Turn 253</h2><div class="spacer battle-history"><br></div><div class="battle-history">The opposing Kyottler used <strong>Recover</strong>!<br></div><div class="battle-history"><small>The opposing Kyottler had its HP restored.</small><br></div><div class="spacer battle-history"><br></div><div class="battle-history">Goofy used <strong>Behemoth Bash</strong>!<br></div><div class="battle-history"><small>It's not very effective...</small><br></div><div class="battle-history"><small>(The opposing Kyottler lost 18% of its health!)</small><br></div><div class="spacer battle-history"><br></div><div class="battle-history"><small>(Rain continues to fall.)</small><br></div><div class="spacer battle-history"><br></div><h2 class="battle-history">Turn 254</h2><div class="spacer battle-history"><br></div><div class="battle-history">The opposing Kyottler used <strong>Origin Pulse</strong>!<br></div><div class="battle-history"><small>Goofy avoided the attack!</small><br></div><div class="spacer battle-history"><br></div><div class="battle-history">Goofy used <strong>Behemoth Bash</strong>!<br></div><div class="battle-history"><small>It's not very effective...</small><br></div><div class="battle-history"><small>(The opposing Kyottler lost 19% of its health!)</small><br></div><div class="spacer battle-history"><br></div><div class="battle-history"><small>(Rain continues to fall.)</small><br></div><div class="spacer battle-history"><br></div><h2 class="battle-history">Turn 255</h2><div class="spacer battle-history"><br></div><div class="battle-history">Goofy used <strong>Protect</strong>!<br></div><div class="battle-history"><small>Goofy protected itself!</small><br></div><div class="spacer battle-history"><br></div><div class="battle-history">The opposing Kyottler used <strong>Origin Pulse</strong>!<br></div><div class="battle-history"><small>Goofy protected itself!</small><br></div><div class="spacer battle-history"><br></div><div class="battle-history"><small>(Rain continues to fall.)</small><br></div><div class="spacer battle-history"><br></div><h2 class="battle-history">Turn 256</h2><div class="spacer battle-history"><br></div><div class="battle-history">The opposing Kyottler used <strong>Recover</strong>!<br></div><div class="battle-history"><small>The opposing Kyottler had its HP restored.</small><br></div><div class="spacer battle-history"><br></div><div class="battle-history">Goofy used <strong>Behemoth Bash</strong>!<br></div><div class="battle-history"><small>It's not very effective...</small><br></div><div class="battle-history"><small>(The opposing Kyottler lost 18% of its health!)</small><br></div><div class="spacer battle-history"><br></div><div class="battle-history"><small>The rain stopped.</small><br></div><div class="spacer battle-history"><br></div><h2 class="battle-history">Turn 257</h2><div class="spacer battle-history"><br></div><div class="battle-history">isocon withdrew Kyottler!<br></div><div class="battle-history">isocon sent out <strong>Glidol</strong>!<br></div><div class="spacer battle-history"><br></div><div class="battle-history">Goofy used <strong>Protect</strong>!<br></div><div class="battle-history"><small>But it failed!</small><br></div><div class="spacer battle-history"><br></div><div class="battle-history">[The opposing Glidol's Feel No Pain]<br><small>The opposing Glidol had its HP restored.</small><br></div><div class="spacer battle-history"><br></div><h2 class="battle-history">Turn 258</h2><div class="spacer battle-history"><br></div><div class="battle-history">isocon withdrew Glidol!<br></div><div class="battle-history">isocon sent out <strong>Kyottler</strong>!<br></div><div class="battle-history">[The opposing Kyottler's Wet Bugs]<br><small>It started to rain!</small><br></div><div class="spacer battle-history"><br></div><div class="battle-history">Goofy used <strong>Protect</strong>!<br></div><div class="battle-history"><small>But it failed!</small><br></div><div class="spacer battle-history"><br></div><div class="battle-history"><small>(Rain continues to fall.)</small><br></div><div class="spacer battle-history"><br></div><h2 class="battle-history">Turn 259</h2><div class="chat chatmessage-bobsican"><strong style="color:#b30ed8"><small>☆</small><span class="username" data-name="Bobsican">Bobsican</span>:</strong> <em>tfw no PP</em></div><div class="spacer battle-history"><br></div><div class="battle-history">isocon withdrew Kyottler!<br></div><div class="battle-history">isocon sent out Avarupt (<strong>Avarupt-Mega</strong>)!<br></div><div class="battle-history"><small>Goofy has no moves left!</small><br></div><div class="spacer battle-history"><br></div><div class="battle-history">Goofy used <strong>Struggle</strong>!<br></div><div class="battle-history"><small>(The opposing Avarupt lost 6% of its health!)</small><br></div><div class="battle-history"><small>Goofy was damaged by the recoil!</small><br></div><div class="spacer battle-history"><br></div><div class="battle-history"><small>(Rain continues to fall.)</small><br></div><div class="spacer battle-history"><br></div><h2 class="battle-history">Turn 260</h2><div class="spacer battle-history"><br></div><div class="battle-history"><small>Goofy has no moves left!</small><br></div><div class="spacer battle-history"><br></div><div class="battle-history">Goofy used <strong>Struggle</strong>!<br></div><div class="battle-history"><small>A critical hit!</small><br></div><div class="battle-history"><small>(The opposing Avarupt lost 10% of its health!)</small><br></div><div class="battle-history"><small>Goofy was damaged by the recoil!</small><br></div><div class="spacer battle-history"><br></div><div class="battle-history">Goofy fainted!<br></div><div class="battle-history">The opposing Avarupt used <strong>Recover</strong>!<br></div><div class="battle-history"><small>The opposing Avarupt had its HP restored.</small><br></div><div class="spacer battle-history"><br></div><div class="battle-history"><small>(Rain continues to fall.)</small><br></div><div class="spacer battle-history"><br></div><div class="battle-history">Go! ND+ Cofagrigus2 (<strong>Porygrigus</strong>)!<br></div><div class="battle-history">[ND+ Cofagrigus2's Pillage]<br></div><div class="battle-history"><small>ND+ Cofagrigus2 swapped Abilities with its target!</small><br></div><div class="battle-history">[ND+ Cofagrigus2's Sheer Force]<br></div><div class="battle-history">[The opposing Avarupt's Pillage]<br></div><div class="spacer battle-history"><br></div><h2 class="battle-history">Turn 261</h2><div class="spacer battle-history"><br></div><div class="battle-history">isocon withdrew Avarupt!<br></div><div class="battle-history">isocon sent out <strong>Glidol</strong>!<br></div><div class="spacer battle-history"><br></div><div class="battle-history">ND+ Cofagrigus2 used <strong>Body Press</strong>!<br></div><div class="battle-history"><small>It's not very effective...</small><br></div><div class="battle-history"><small>(The opposing Glidol lost 13% of its health!)</small><br></div><div class="spacer battle-history"><br></div><div class="battle-history"><small>(Rain continues to fall.)</small><br></div><div class="battle-history">[The opposing Glidol's Feel No Pain]<br><small>The opposing Glidol had its HP restored.</small><br></div><div class="battle-history"><small>ND+ Cofagrigus2 was hurt by poison!</small><br></div><div class="spacer battle-history"><br></div><h2 class="battle-history">Turn 262</h2><div class="chat chatmessage-zxgzxg"><strong style="color:#8f19ef"><small>+</small><span class="username" data-name="zxgzxg">zxgzxg</span>:</strong> <em>top 10 most satisfying villain deaths</em></div><div class="chat message-error">isocon has 120 seconds left.</div><div class="chat chatmessage-gekokeso"><strong style="color:#9b940e"><small>+</small><span class="username" data-name="Gekokeso">Gekokeso</span>:</strong> <em>so true</em></div><div class="spacer battle-history"><br></div><div class="battle-history">ND+ Cofagrigus2, come back!<br></div><div class="battle-history">Go! Gliscor 2 (<strong>Glidol</strong>)!<br></div><div class="spacer battle-history"><br></div><div class="battle-history">The opposing Glidol used <strong>Knock Off</strong>!<br></div><div class="battle-history"><small>(Gliscor 2 lost 13% of its health!)</small><br></div><div class="spacer battle-history"><br></div><div class="battle-history"><small>The rain stopped.</small><br></div><div class="battle-history">[The opposing Glidol's Feel No Pain]<br><small>The opposing Glidol had its HP restored.</small><br></div><div class="spacer battle-history"><br></div><h2 class="battle-history">Turn 263</h2><div class="spacer battle-history"><br></div><div class="battle-history">isocon withdrew Glidol!<br></div><div class="battle-history">isocon sent out Avarupt (<strong>Avarupt-Mega</strong>)!<br></div><div class="spacer battle-history"><br></div><div class="battle-history">Gliscor 2 used <strong>Roost</strong>!<br></div><div class="battle-history"><small>Gliscor 2 had its HP restored.</small><br></div><div class="battle-history"><small>(Gliscor 2 loses Flying type this turn.)</small><br></div><div class="spacer battle-history"><br></div><h2 class="battle-history">Turn 264</h2><div class="spacer battle-history"><br></div><div class="battle-history">Gliscor 2, come back!<br></div><div class="battle-history">Go! ND+ Cofagrigus2 (<strong>Porygrigus</strong>)!<br></div><div class="battle-history">[ND+ Cofagrigus2's Pillage]<br></div><div class="battle-history"><small>ND+ Cofagrigus2 swapped Abilities with its target!</small><br></div><div class="battle-history">[ND+ Cofagrigus2's Sheer Force]<br></div><div class="battle-history">[The opposing Avarupt's Pillage]<br></div><div class="spacer battle-history"><br></div><div class="battle-history">The opposing Avarupt used <strong>Ice Beam</strong>!<br></div><div class="battle-history"><small>(ND+ Cofagrigus2 lost 53% of its health!)</small><br></div><div class="spacer battle-history"><br></div><div class="battle-history"><small>ND+ Cofagrigus2 was hurt by poison!</small><br></div><div class="spacer battle-history"><br></div><h2 class="battle-history">Turn 265</h2><div class="spacer battle-history"><br></div><div class="battle-history">ND+ Cofagrigus2 used <strong>Recover</strong>!<br></div><div class="battle-history"><small>ND+ Cofagrigus2 had its HP restored.</small><br></div><div class="spacer battle-history"><br></div><div class="battle-history">The opposing Avarupt used <strong>Ice Beam</strong>!<br></div><div class="battle-history"><small>(ND+ Cofagrigus2 lost 46% of its health!)</small><br></div><div class="spacer battle-history"><br></div><div class="battle-history"><small>ND+ Cofagrigus2 was hurt by poison!</small><br></div><div class="spacer battle-history"><br></div><h2 class="battle-history">Turn 266</h2><div class="spacer battle-history"><br></div><div class="battle-history">ND+ Cofagrigus2 used <strong>Body Press</strong>!<br></div><div class="battle-history"><small>It's super effective!</small><br></div><div class="battle-history"><small>(The opposing Avarupt lost 32% of its health!)</small><br></div><div class="spacer battle-history"><br></div><div class="battle-history">The opposing Avarupt used <strong>Ice Beam</strong>!<br></div><div class="battle-history"><small>(ND+ Cofagrigus2 lost 1% of its health!)</small><br></div><div class="spacer battle-history"><br></div><div class="battle-history">ND+ Cofagrigus2 fainted!<br></div><div class="spacer battle-history"><br></div><div class="battle-history">Go! Gliscor 2 (<strong>Glidol</strong>)!<br></div><div class="spacer battle-history"><br></div><h2 class="battle-history">Turn 267</h2><div class="spacer battle-history"><br></div><div class="battle-history">Gliscor 2 used <strong>Roost</strong>!<br></div><div class="battle-history"><small>Gliscor 2 had its HP restored.</small><br></div><div class="battle-history"><small>(Gliscor 2 loses Flying type this turn.)</small><br></div><div class="spacer battle-history"><br></div><div class="battle-history">The opposing Avarupt used <strong>Ice Beam</strong>!<br></div><div class="battle-history"><small>It's super effective!</small><br></div><div class="battle-history"><small>(Gliscor 2 lost 100% of its health!)</small><br></div><div class="spacer battle-history"><br></div><div class="battle-history">Gliscor 2 fainted!<br></div><div class="spacer battle-history"><br></div><div class="battle-history"><strong>isocon</strong> won the battle!<br></div><div class="chat chatmessage-isocon"><strong style="color:#616adf"><small>☆</small><span class="username" data-name="isocon">isocon</span>:</strong> <em>gg</em></div><div class="chat chatmessage-bobsican"><strong style="color:#b30ed8"><small>☆</small><span class="username" data-name="Bobsican">Bobsican</span>:</strong> <em>gg</em></div><div class="chat chatmessage-gekokeso"><strong style="color:#9b940e"><small>+</small><span class="username" data-name="Gekokeso">Gekokeso</span>:</strong> <em>gg</em></div><div class="chat chatmessage-zxgzxg"><strong style="color:#8f19ef"><small>+</small><span class="username" data-name="zxgzxg">zxgzxg</span>:</strong> <em>gg</em></div><div class="chat"><small>+ZOOMERCIDE joined; +zxgzxg and +Squawkerz left</small></div></div><div class="inner-preempt message-log"></div></div></div>
</div>
<script>
let daily = Math.floor(Date.now()/1000/60/60/24);document.write('<script src="https://dragonheaven.herokuapp.com/js/replay-embed.js?version'+daily+'"></'+'script>');
</script>
