<!DOCTYPE html>
<meta charset="utf-8" />
<!-- version 1 -->
<title>[Gen 8] JolteMons replay: Beaf Cultist vs. Earlio2</title>
<style>
html,body {font-family:Verdana, sans-serif;font-size:10pt;margin:0;padding:0;}body{padding:12px 0;} .battle-log {font-family:Verdana, sans-serif;font-size:10pt;} .battle-log-inline {border:1px solid #AAAAAA;background:#EEF2F5;color:black;max-width:640px;margin:0 auto 80px;padding-bottom:5px;} .battle-log .inner {padding:4px 8px 0px 8px;} .battle-log .inner-preempt {padding:0 8px 4px 8px;} .battle-log .inner-after {margin-top:0.5em;} .battle-log h2 {margin:0.5em -8px;padding:4px 8px;border:1px solid #AAAAAA;background:#E0E7EA;border-left:0;border-right:0;font-family:Verdana, sans-serif;font-size:13pt;} .battle-log .chat {vertical-align:middle;padding:3px 0 3px 0;font-size:8pt;} .battle-log .chat strong {color:#40576A;} .battle-log .chat em {padding:1px 4px 1px 3px;color:#000000;font-style:normal;} .chat.mine {background:rgba(0,0,0,0.05);margin-left:-8px;margin-right:-8px;padding-left:8px;padding-right:8px;} .spoiler {color:#BBBBBB;background:#BBBBBB;padding:0px 3px;} .spoiler:hover, .spoiler:active, .spoiler-shown {color:#000000;background:#E2E2E2;padding:0px 3px;} .spoiler a {color:#BBBBBB;} .spoiler:hover a, .spoiler:active a, .spoiler-shown a {color:#2288CC;} .chat code, .chat .spoiler:hover code, .chat .spoiler:active code, .chat .spoiler-shown code {border:1px solid #C0C0C0;background:#EEEEEE;color:black;padding:0 2px;} .chat .spoiler code {border:1px solid #CCCCCC;background:#CCCCCC;color:#CCCCCC;} .battle-log .rated {padding:3px 4px;} .battle-log .rated strong {color:white;background:#89A;padding:1px 4px;border-radius:4px;} .spacer {margin-top:0.5em;} .message-announce {background:#6688AA;color:white;padding:1px 4px 2px;} .message-announce a, .broadcast-green a, .broadcast-blue a, .broadcast-red a {color:#DDEEFF;} .broadcast-green {background-color:#559955;color:white;padding:2px 4px;} .broadcast-blue {background-color:#6688AA;color:white;padding:2px 4px;} .infobox {border:1px solid #6688AA;padding:2px 4px;} .infobox-limited {max-height:200px;overflow:auto;overflow-x:hidden;} .broadcast-red {background-color:#AA5544;color:white;padding:2px 4px;} .message-learn-canlearn {font-weight:bold;color:#228822;text-decoration:underline;} .message-learn-cannotlearn {font-weight:bold;color:#CC2222;text-decoration:underline;} .message-effect-weak {font-weight:bold;color:#CC2222;} .message-effect-resist {font-weight:bold;color:#6688AA;} .message-effect-immune {font-weight:bold;color:#666666;} .message-learn-list {margin-top:0;margin-bottom:0;} .message-throttle-notice, .message-error {color:#992222;} .message-overflow, .chat small.message-overflow {font-size:0pt;} .message-overflow::before {font-size:9pt;content:'...';} .subtle {color:#3A4A66;}
</style>
<div class="wrapper replay-wrapper" style="max-width:1180px;margin:0 auto">
<input type="hidden" name="replayid" value="dragonheaven-gen8joltemons-5" />
<div class="battle"></div><div class="battle-log"></div><div class="replay-controls"></div><div class="replay-controls-2"></div>
<h1 style="font-weight:normal;text-align:center"><strong>[Gen 8] JolteMons</strong><br /><a href="http://pokemonshowdown.com/users/beafcultist" class="subtle" target="_blank">Beaf Cultist</a> vs. <a href="http://pokemonshowdown.com/users/earlio2" class="subtle" target="_blank">Earlio2</a></h1>
<script type="text/plain" class="battle-log-data">|raw|<div class="broadcast-red"><strong>This battle is invite-only!<\/strong><br \/>Users must be invited with <code>\/invite<\/code> (or be staff) to join<\/div>
|j|☆Beaf Cultist
|j|☆Earlio2
|t:|1653256904
|player|p1|Beaf Cultist|janitor|
|player|p2|Earlio2|janitor|
|teamsize|p1|6
|teamsize|p2|6
|gametype|singles
|gen|8
|tier|[Gen 8] JolteMons
|clearpoke
|poke|p1|Goodra, M|
|poke|p1|Slowbro, F|
|poke|p1|Gourgeist-*, M|
|poke|p1|Heatran, M|
|poke|p1|Gliscor, M|
|poke|p1|Buzzwole|
|poke|p2|Hoopa-Unbound|
|poke|p2|Dragapult, F|
|poke|p2|Cresselia, F|
|poke|p2|Moltres-Galar|
|poke|p2|Empoleon, F|
|poke|p2|Venusaur, M|
|rule|HP Percentage Mod: HP is shown in percentages
|rule|Endless Battle Clause: Forcing endless battles is banned
|rule|OHKO Clause: OHKO moves are banned
|rule|Evasion Moves Clause: Evasion moves are banned
|rule|Species Clause: Limit one of each Pokémon
|rule|Dynamax Clause: You cannot dynamax
|rule|Sleep Clause Mod: Limit one foe put to sleep
|teampreview
|c|☆Beaf Cultist|how turn off invite only
|c|☆Beaf Cultist|also hf
|c|☆Earlio2|oh just want to 
|c|☆Earlio2|rematch and I can make it public?
|c|☆Beaf Cultist|ye that works
|c|☆Beaf Cultist|one sec
|c|☆Earlio2|wait
|c|☆Earlio2|there's a commander
|c|☆Earlio2|command
|c|☆Beaf Cultist|modjoin?
|c|☆Beaf Cultist|among us
|c|☆Beaf Cultist|what is the command
|c|☆Earlio2|huh
|c|☆Beaf Cultist|oh it's you
|c|☆Beaf Cultist|do \/inviteonly off
|raw|<div class="broadcast-blue"><strong>This room is no longer invite only!<\/strong><br \/>Anyone may now join.<\/div>
|c|☆Earlio2|\/log Earlio2 turned off modjoin.
|c|☆Earlio2|banger
|c|☆Beaf Cultist|perfect
|j|~piikiki4
|l|☆Beaf Cultist
|player|p1|
|j|☆Beaf Cultist
|player|p1|Beaf Cultist|janitor
|c|~piikiki4|\/log piikiki4 made this room public.
|c|☆Beaf Cultist|earl try \/modjoin off
|c|☆Beaf Cultist|oh nv
|c|☆Beaf Cultist|m
|j|+Tapler ❀
|c|+Tapler ❀|ayyyy
|j|+regic boat
|c|☆Beaf Cultist|once again, glhf
|c|+regic boat|epic
|j|+Gekokeso
|c|~piikiki4|aight this is gonna be the best battle of the tournament 
|c|~piikiki4|i believe
|c|+regic boat|true!!!
|c|☆Beaf Cultist|fucked defensive core
|c|☆Beaf Cultist|earl makes me foam at the mouth
|j|+Sticky Fingaa
|c|+Tapler ❀|empo cress moment
|c|+Gekokeso|Don't worry beaf
|c|+regic boat|empo cress moment 
|c|~piikiki4|he said "lemme get this off before it gets nerfed"
|c|+Gekokeso|The boomers trusts in you
|c|+Tapler ❀|LOL
|c|☆Earlio2|hf
|c|☆Beaf Cultist|mans got the
|c|+Sticky Fingaa|🥩
|c|☆Beaf Cultist|cress\/golt\/empol\/venu :skull:
|c|+Gekokeso|To hax the shit out of earl to win
|c|+Gekokeso|You just need enough shriek crits
|c|☆Earlio2|:jokerfication:
|c|☆Beaf Cultist|true!
|j|+zxgzxg
|c|☆Beaf Cultist|forgot to bring rachi
|l|+Sticky Fingaa
|c|+Tapler ❀|anyways still no sign of luke so ima go get lunch lol, gl beaf
|
|t:|1653257272
|start
|switch|p1a: Buzzwole|Buzzwole|100\/100
|switch|p2a: Horizon|Dragapult, F|100\/100
|-start|p1a: Buzzwole|typechange|Bug\/Fighting|[silent]
|raw|<ul class="utilichart"><li class="result"><span class="col pokemonnamecol" style="white-space: nowrap">Buzzwole<\/span> <span class="col typecol"><img src="https:\/\/dragonheaven.herokuapp.com\/sprites\/types\/Bug.png" alt="Bug" height="14" width="32"><img src="https:\/\/dragonheaven.herokuapp.com\/sprites\/types\/Fighting.png" alt="Fighting" height="14" width="32"><\/span> <span style="float: left ; min-height: 26px"><span class="col abilitycol">Beast Boost \/ Iron Fist<\/span><span class="col abilitycol"><\/span><\/span><\/li><li style="clear: both"><\/li><\/ul>
|raw|<ul class="utilichart"><li class="result"><span style="float: left ; min-height: 26px"><span class="col statcol"><em>HP<\/em><br>107<\/span> <span class="col statcol"><em>Atk<\/em><br>139<\/span> <span class="col statcol"><em>Def<\/em><br>139<\/span> <span class="col statcol"><em>SpA<\/em><br>53<\/span> <span class="col statcol"><em>SpD<\/em><br>53<\/span> <span class="col statcol"><em>Spe<\/em><br>79<\/span> <\/span><\/li><li style="clear: both"><\/li><\/ul>
|turn|1
|j|~AquaticPanic
|l|+Tapler ❀
|j|+ZCopen
|
|t:|1653257341
|switch|p1a: Heatran|Heatran, M|100\/100
|move|p2a: Horizon|Draco Meteor|p1a: Heatran
|-resisted|p1a: Heatran
|-damage|p1a: Heatran|72\/100
|-unboost|p2a: Horizon|spa|2
|
|-heal|p1a: Heatran|78\/100|[from] item: Leftovers
|upkeep
|turn|2
|c|+ZCopen|Dont see how beaf loses from this position tbh free W
|j|+Sticky Fingaa
|c|~AquaticPanic|:monkefication:
|
|t:|1653257371
|switch|p2a: Eclipse|Moltres-Galar|100\/100
|-start|p2a: Eclipse|typechange|Dark\/Flying|[silent]
|raw|<ul class="utilichart"><li class="result"><span class="col pokemonnamecol" style="white-space: nowrap">Moltres-Galar<\/span> <span class="col typecol"><img src="https:\/\/dragonheaven.herokuapp.com\/sprites\/types\/Dark.png" alt="Dark" height="14" width="32"><img src="https:\/\/dragonheaven.herokuapp.com\/sprites\/types\/Flying.png" alt="Flying" height="14" width="32"><\/span> <span style="float: left ; min-height: 26px"><span class="col abilitycol">Berserk \/ Regenerator<\/span><span class="col abilitycol"><\/span><\/span><\/li><li style="clear: both"><\/li><\/ul>
|raw|<ul class="utilichart"><li class="result"><span style="float: left ; min-height: 26px"><span class="col statcol"><em>HP<\/em><br>90<\/span> <span class="col statcol"><em>Atk<\/em><br>85<\/span> <span class="col statcol"><em>Def<\/em><br>90<\/span> <span class="col statcol"><em>SpA<\/em><br>100<\/span> <span class="col statcol"><em>SpD<\/em><br>125<\/span> <span class="col statcol"><em>Spe<\/em><br>90<\/span> <\/span><\/li><li style="clear: both"><\/li><\/ul>
|move|p1a: Heatran|Magma Storm|p2a: Eclipse
|-damage|p2a: Eclipse|78\/100
|-activate|p2a: Eclipse|move: Magma Storm|[of] p1a: Heatran
|
|-heal|p1a: Heatran|85\/100|[from] item: Leftovers
|-damage|p2a: Eclipse|65\/100|[from] move: Magma Storm|[partiallytrapped]
|upkeep
|turn|3
|
|t:|1653257382
|move|p1a: Heatran|Toxic|p2a: Eclipse
|-status|p2a: Eclipse|tox
|move|p2a: Eclipse|U-turn|p1a: Heatran
|-resisted|p1a: Heatran
|-damage|p1a: Heatran|82\/100
|
|t:|1653257395
|switch|p2a: Feather|Empoleon, F|100\/100|[from]move: U-turn
|-start|p2a: Feather|typechange|Water\/Steel|[silent]
|raw|<ul class="utilichart"><li class="result"><span class="col pokemonnamecol" style="white-space: nowrap">Empoleon<\/span> <span class="col typecol"><img src="https:\/\/dragonheaven.herokuapp.com\/sprites\/types\/Water.png" alt="Water" height="14" width="32"><img src="https:\/\/dragonheaven.herokuapp.com\/sprites\/types\/Steel.png" alt="Steel" height="14" width="32"><\/span> <span style="float: left ; min-height: 26px"><span class="col abilitycol">Torrent \/ Unimpressed<\/span><span class="col abilitycol"><\/span><\/span><\/li><li style="clear: both"><\/li><\/ul>
|raw|<ul class="utilichart"><li class="result"><span style="float: left ; min-height: 26px"><span class="col statcol"><em>HP<\/em><br>84<\/span> <span class="col statcol"><em>Atk<\/em><br>86<\/span> <span class="col statcol"><em>Def<\/em><br>88<\/span> <span class="col statcol"><em>SpA<\/em><br>111<\/span> <span class="col statcol"><em>SpD<\/em><br>101<\/span> <span class="col statcol"><em>Spe<\/em><br>60<\/span> <\/span><\/li><li style="clear: both"><\/li><\/ul>
|
|-heal|p1a: Heatran|88\/100|[from] item: Leftovers
|upkeep
|turn|4
|
|t:|1653257406
|move|p1a: Heatran|Stealth Rock|p2a: Feather
|-sidestart|p2: Earlio2|move: Stealth Rock
|move|p2a: Feather|Stealth Rock|p1a: Heatran
|-sidestart|p1: Beaf Cultist|move: Stealth Rock
|
|-heal|p1a: Heatran|94\/100|[from] item: Leftovers
|upkeep
|turn|5
|c|~AquaticPanic|lo
|c|+zxgzxg|earl bringing the most boring team ever 🤓
|c|☆Beaf Cultist|it has honpa!
|c|~piikiki4|earl said he's not going 0-3
|c|+zxgzxg|hoopa dick lol
|
|t:|1653257439
|switch|p1a: Slowbro|Slowbro, F|100\/100
|move|p2a: Feather|Flip Turn|p1a: Slowbro
|-resisted|p1a: Slowbro
|-damage|p1a: Slowbro|95\/100
|c|+ZCopen|earl going 0-3
|
|t:|1653257454
|switch|p2a: Horizon|Dragapult, F|100\/100|[from]move: Flip Turn
|-damage|p2a: Horizon|88\/100|[from] Stealth Rock
|
|upkeep
|turn|6
|c|+Sticky Fingaa|earl going 0-3
|
|t:|1653257466
|move|p2a: Horizon|Shadow Ball|p1a: Slowbro
|-supereffective|p1a: Slowbro
|-damage|p1a: Slowbro|0 fnt
|faint|p1a: Slowbro
|
|upkeep
|
|t:|1653257471
|switch|p1a: ONE GOURGILLION WI|Gourgeist-Small, M|100\/100
|-start|p1a: ONE GOURGILLION WI|typechange|Ghost\/Grass|[silent]
|raw|<ul class="utilichart"><li class="result"><span class="col pokemonnamecol" style="white-space: nowrap">Gourgeist-Small<\/span> <span class="col typecol"><img src="https:\/\/dragonheaven.herokuapp.com\/sprites\/types\/Ghost.png" alt="Ghost" height="14" width="32"><img src="https:\/\/dragonheaven.herokuapp.com\/sprites\/types\/Grass.png" alt="Grass" height="14" width="32"><\/span> <span style="float: left ; min-height: 26px"><span class="col abilitycol">Soul Link \/ Frisk \/ Light Power<\/span><span class="col abilitycol"><\/span><\/span><\/li><li style="clear: both"><\/li><\/ul>
|raw|<ul class="utilichart"><li class="result"><span style="float: left ; min-height: 26px"><span class="col statcol"><em>HP<\/em><br>55<\/span> <span class="col statcol"><em>Atk<\/em><br>85<\/span> <span class="col statcol"><em>Def<\/em><br>122<\/span> <span class="col statcol"><em>SpA<\/em><br>58<\/span> <span class="col statcol"><em>SpD<\/em><br>75<\/span> <span class="col statcol"><em>Spe<\/em><br>99<\/span> <\/span><\/li><li style="clear: both"><\/li><\/ul>
|-damage|p1a: ONE GOURGILLION WI|88\/100|[from] Stealth Rock
|turn|7
|
|t:|1653257479
|switch|p2a: Eclipse|Moltres-Galar|99\/100 tox
|-start|p2a: Eclipse|typechange|Dark\/Flying|[silent]
|move|p1a: ONE GOURGILLION WI|Moonblast|p2a: Eclipse
|-supereffective|p2a: Eclipse
|-damage|p2a: Eclipse|55\/100 tox
|-unboost|p2a: Eclipse|spa|1
|
|-damage|p2a: Eclipse|49\/100 tox|[from] psn
|upkeep
|turn|8
|c|+ZCopen|THREE GOURGILLION WINS
|c|~AquaticPanic|WI
|c|+zxgzxg|WI
|c|+Gekokeso|Moon last crit time
|c|+Sticky Fingaa|look at the plays
|c|+Sticky Fingaa|the man is unstoppable
|c|+zxgzxg|im lookin at em
|
|t:|1653257539
|switch|p1a: Goodra|Goodra, M|100\/100
|-start|p1a: Goodra|typechange|Dragon\/Poison|[silent]
|raw|<ul class="utilichart"><li class="result"><span class="col pokemonnamecol" style="white-space: nowrap">Goodra<\/span> <span class="col typecol"><img src="https:\/\/dragonheaven.herokuapp.com\/sprites\/types\/Dragon.png" alt="Dragon" height="14" width="32"><img src="https:\/\/dragonheaven.herokuapp.com\/sprites\/types\/Poison.png" alt="Poison" height="14" width="32"><\/span> <span style="float: left ; min-height: 26px"><span class="col abilitycol">Sticky Hold \/ Neuroforce \/ Gooey<\/span><span class="col abilitycol"><\/span><\/span><\/li><li style="clear: both"><\/li><\/ul>
|raw|<ul class="utilichart"><li class="result"><span style="float: left ; min-height: 26px"><span class="col statcol"><em>HP<\/em><br>90<\/span> <span class="col statcol"><em>Atk<\/em><br>100<\/span> <span class="col statcol"><em>Def<\/em><br>70<\/span> <span class="col statcol"><em>SpA<\/em><br>110<\/span> <span class="col statcol"><em>SpD<\/em><br>150<\/span> <span class="col statcol"><em>Spe<\/em><br>80<\/span> <\/span><\/li><li style="clear: both"><\/li><\/ul>
|-damage|p1a: Goodra|88\/100|[from] Stealth Rock
|move|p2a: Eclipse|Fiery Wrath|p1a: Goodra
|-damage|p1a: Goodra|76\/100
|
|-heal|p1a: Goodra|82\/100|[from] item: Black Sludge
|-damage|p2a: Eclipse|37\/100 tox|[from] psn
|upkeep
|turn|9
|c|+zxgzxg|doesnt look good for ol leonard
|c|+ZCopen|Id go chomper here
|c|☆Earlio2|so true
|c|☆Beaf Cultist|shoutouts to all my fans
|c|☆Beaf Cultist|couldn't have made it here without you all
|c|+zxgzxg|i love u beaf
|c|+zxgzxg|😘
|c|+regic boat|go beaf!!!
|c|+Sticky Fingaa|dude has became a machine of competitive price pokémon
|c|+ZCopen|Beaf op tbh...
|
|t:|1653257596
|switch|p2a: Feather|Empoleon, F|100\/100
|-damage|p2a: Feather|94\/100|[from] Stealth Rock
|-start|p2a: Feather|typechange|Water\/Steel|[silent]
|move|p1a: Goodra|Curse|p1a: Goodra
|-unboost|p1a: Goodra|spe|1
|-boost|p1a: Goodra|atk|2
|-boost|p1a: Goodra|def|1
|
|-heal|p1a: Goodra|89\/100|[from] item: Black Sludge
|upkeep
|turn|10
|c|☆Beaf Cultist|it is time
|c|+Sticky Fingaa|the only thing I see is the pure juice of skill
|c|+Gekokeso|beaf about to get 8 billion crits
|c|~AquaticPanic|curse goodra huh
|
|t:|1653257617
|move|p2a: Feather|Knock Off|p1a: Goodra
|-damage|p1a: Goodra|73\/100
|-enditem|p1a: Goodra|Black Sludge|[from] move: Knock Off|[of] p2a: Feather
|move|p1a: Goodra|Earthquake|p2a: Feather
|-supereffective|p2a: Feather
|-damage|p2a: Feather|18\/100
|
|upkeep
|turn|11
|c|+Gekokeso|I can feel it
|c|~piikiki4|8 gourgillion crits you mean
|c|+ZCopen|THREE GOURGILLION CRITS
|c|+Sticky Fingaa|pathetic
|
|t:|1653257628
|move|p2a: Feather|Flip Turn|p1a: Goodra
|-resisted|p1a: Goodra
|-damage|p1a: Goodra|65\/100
|
|t:|1653257647
|switch|p2a: reflection eternal|Cresselia, F|100\/100|[from]move: Flip Turn
|-damage|p2a: reflection eternal|88\/100|[from] Stealth Rock
|-start|p2a: reflection eternal|typechange|Fairy|[silent]
|raw|<ul class="utilichart"><li class="result"><span class="col pokemonnamecol" style="white-space: nowrap">Cresselia<\/span> <span class="col typecol"><img src="https:\/\/dragonheaven.herokuapp.com\/sprites\/types\/Fairy.png" alt="Fairy" height="14" width="32"><\/span> <span style="float: left ; min-height: 26px"><span class="col abilitycol">Levitate \/ Cloud Nine \/ Gravitas<\/span><span class="col abilitycol"><\/span><\/span><\/li><li style="clear: both"><\/li><\/ul>
|raw|<ul class="utilichart"><li class="result"><span style="float: left ; min-height: 26px"><span class="col statcol"><em>HP<\/em><br>120<\/span> <span class="col statcol"><em>Atk<\/em><br>70<\/span> <span class="col statcol"><em>Def<\/em><br>120<\/span> <span class="col statcol"><em>SpA<\/em><br>75<\/span> <span class="col statcol"><em>SpD<\/em><br>130<\/span> <span class="col statcol"><em>Spe<\/em><br>85<\/span> <\/span><\/li><li style="clear: both"><\/li><\/ul>
|move|p1a: Goodra|Thunder Punch|p2a: reflection eternal
|-damage|p2a: reflection eternal|61\/100
|
|upkeep
|turn|12
|c|+ZCopen|Femboy penguin DESTROYED by the earth
|c|+Gekokeso|Para
|c|~AquaticPanic|yeah i did
|
|t:|1653257663
|switch|p2a: Feather|Empoleon, F|18\/100
|-start|p2a: Feather|typechange|Water\/Steel|[silent]
|-damage|p2a: Feather|12\/100|[from] Stealth Rock
|move|p1a: Goodra|Life Dew|p1a: Goodra
|-heal|p1a: Goodra|100\/100
|
|upkeep
|turn|13
|c|☆Beaf Cultist|where para
|c|+Sticky Fingaa|smh the hax
|
|t:|1653257672
|move|p2a: Feather|Knock Off|p1a: Goodra
|-damage|p1a: Goodra|91\/100
|move|p1a: Goodra|Thunder Punch|p2a: Feather
|-supereffective|p2a: Feather
|-damage|p2a: Feather|0 fnt
|faint|p2a: Feather
|
|upkeep

|
|t:|1653257724
|switch|p2a: flowers|Venusaur, M|100\/100
|-damage|p2a: flowers|88\/100|[from] Stealth Rock
|turn|14
|c|+regic boat|where para fr
|j|~scoopapa
|
|t:|1653257733
|switch|p1a: Heatran|Heatran, M|94\/100
|-damage|p1a: Heatran|82\/100|[from] Stealth Rock
|detailschange|p2a: flowers|Venusaur-Mega, M
|-mega|p2a: flowers|Venusaur|Venusaurite
|-start|p2a: flowers|typechange|Grass\/Poison|[silent]
|raw|<ul class="utilichart"><li class="result"><span class="col pokemonnamecol" style="white-space: nowrap">Venusaur-Mega<\/span> <span class="col typecol"><img src="https:\/\/dragonheaven.herokuapp.com\/sprites\/types\/Grass.png" alt="Grass" height="14" width="32"><img src="https:\/\/dragonheaven.herokuapp.com\/sprites\/types\/Poison.png" alt="Poison" height="14" width="32"><\/span> <span style="float: left ; min-height: 26px"><span class="col abilitycol">Thick Fat<\/span><span class="col abilitycol"><\/span><\/span><span style="float: left ; min-height: 26px"><span class="col statcol"><em>HP<\/em><br>80<\/span> <span class="col statcol"><em>Atk<\/em><br>100<\/span> <span class="col statcol"><em>Def<\/em><br>123<\/span> <span class="col statcol"><em>SpA<\/em><br>122<\/span> <span class="col statcol"><em>SpD<\/em><br>120<\/span> <span class="col statcol"><em>Spe<\/em><br>80<\/span> <\/span><\/li><li style="clear: both"><\/li><\/ul>
|move|p2a: flowers|Leech Seed|p1a: Heatran
|-start|p1a: Heatran|move: Leech Seed
|
|-heal|p1a: Heatran|88\/100|[from] item: Leftovers
|-damage|p1a: Heatran|76\/100|[from] Leech Seed|[of] p2a: flowers
|-heal|p2a: flowers|100\/100|[silent]
|upkeep
|turn|15
|c|~AquaticPanic|frog
|c|+Sticky Fingaa|bad frog
|
|t:|1653257763
|switch|p1a: Gliscor|Gliscor, M|100\/100
|-damage|p1a: Gliscor|88\/100|[from] Stealth Rock
|switch|p2a: Eclipse|Moltres-Galar|70\/100 tox
|-start|p2a: Eclipse|typechange|Dark\/Flying|[silent]
|
|-damage|p2a: Eclipse|64\/100 tox|[from] psn
|-status|p1a: Gliscor|tox|[from] item: Toxic Orb
|upkeep
|turn|16
|c|+Gekokeso|362874 gourgillion crits
|c|~AquaticPanic|froggers
|
|t:|1653257777
|move|p1a: Gliscor|Knock Off|p2a: Eclipse
|-resisted|p2a: Eclipse
|-damage|p2a: Eclipse|54\/100 tox
|-enditem|p2a: Eclipse|Heavy-Duty Boots|[from] move: Knock Off|[of] p1a: Gliscor
|move|p2a: Eclipse|U-turn|p1a: Gliscor
|-resisted|p1a: Gliscor
|-damage|p1a: Gliscor|83\/100 tox
|
|t:|1653257786
|switch|p2a: flowers|Venusaur-Mega, M|100\/100|[from]move: U-turn
|-damage|p2a: flowers|88\/100|[from] Stealth Rock
|-start|p2a: flowers|typechange|Grass\/Poison|[silent]
|
|-heal|p1a: Gliscor|96\/100 tox|[from] ability: Poison Heal
|upkeep
|turn|17
|
|t:|1653257804
|move|p1a: Gliscor|Earthquake|p2a: flowers
|-damage|p2a: flowers|69\/100
|move|p2a: flowers|Hidden Power|p1a: Gliscor
|-damage|p1a: Gliscor|78\/100 tox
|
|-heal|p1a: Gliscor|90\/100 tox|[from] ability: Poison Heal
|upkeep
|turn|18
|
|t:|1653257820
|move|p1a: Gliscor|Earthquake|p2a: flowers
|-damage|p2a: flowers|48\/100
|move|p2a: flowers|Synthesis|p2a: flowers
|-heal|p2a: flowers|98\/100
|
|-heal|p1a: Gliscor|100\/100 tox|[from] ability: Poison Heal
|upkeep
|turn|19
|
|t:|1653257827
|move|p1a: Gliscor|Earthquake|p2a: flowers
|-damage|p2a: flowers|78\/100
|move|p2a: flowers|Leech Seed|p1a: Gliscor
|-start|p1a: Gliscor|move: Leech Seed
|
|-damage|p1a: Gliscor|88\/100 tox|[from] Leech Seed|[of] p2a: flowers
|-heal|p2a: flowers|90\/100|[silent]
|-heal|p1a: Gliscor|100\/100 tox|[from] ability: Poison Heal
|upkeep
|turn|20
|
|t:|1653257839
|move|p1a: Gliscor|Knock Off|p2a: flowers
|-damage|p2a: flowers|81\/100
|move|p2a: flowers|Sludge Bomb|p1a: Gliscor
|-resisted|p1a: Gliscor
|-damage|p1a: Gliscor|80\/100 tox
|
|-damage|p1a: Gliscor|68\/100 tox|[from] Leech Seed|[of] p2a: flowers
|-heal|p2a: flowers|93\/100|[silent]
|-heal|p1a: Gliscor|80\/100 tox|[from] ability: Poison Heal
|upkeep
|turn|21
|
|t:|1653257852
|switch|p1a: Goodra|Goodra, M|91\/100
|-start|p1a: Goodra|typechange|Dragon\/Poison|[silent]
|-damage|p1a: Goodra|78\/100|[from] Stealth Rock
|move|p2a: flowers|Sludge Bomb|p1a: Goodra
|-resisted|p1a: Goodra
|-damage|p1a: Goodra|68\/100
|
|upkeep
|turn|22
|
|t:|1653257860
|move|p2a: flowers|Leech Seed|p1a: Goodra
|-start|p1a: Goodra|move: Leech Seed
|move|p1a: Goodra|Life Dew|p1a: Goodra
|-heal|p1a: Goodra|100\/100
|
|-damage|p1a: Goodra|88\/100|[from] Leech Seed|[of] p2a: flowers
|-heal|p2a: flowers|100\/100|[silent]
|upkeep
|turn|23
|
|t:|1653257873
|switch|p2a: Modal Soul|Hoopa-Unbound|100\/100
|-damage|p2a: Modal Soul|88\/100|[from] Stealth Rock
|-start|p2a: Modal Soul|typechange|Psychic\/Dark|[silent]
|raw|<ul class="utilichart"><li class="result"><span class="col pokemonnamecol" style="white-space: nowrap">Hoopa-Unbound<\/span> <span class="col typecol"><img src="https:\/\/dragonheaven.herokuapp.com\/sprites\/types\/Psychic.png" alt="Psychic" height="14" width="32"><img src="https:\/\/dragonheaven.herokuapp.com\/sprites\/types\/Dark.png" alt="Dark" height="14" width="32"><\/span> <span style="float: left ; min-height: 26px"><span class="col abilitycol">Magician \/ Soul Link<\/span><span class="col abilitycol"><\/span><\/span><\/li><li style="clear: both"><\/li><\/ul>
|raw|<ul class="utilichart"><li class="result"><span style="float: left ; min-height: 26px"><span class="col statcol"><em>HP<\/em><br>80<\/span> <span class="col statcol"><em>Atk<\/em><br>160<\/span> <span class="col statcol"><em>Def<\/em><br>60<\/span> <span class="col statcol"><em>SpA<\/em><br>170<\/span> <span class="col statcol"><em>SpD<\/em><br>130<\/span> <span class="col statcol"><em>Spe<\/em><br>80<\/span> <\/span><\/li><li style="clear: both"><\/li><\/ul>
|move|p1a: Goodra|Earthquake|p2a: Modal Soul
|-damage|p2a: Modal Soul|41\/100
|
|-damage|p1a: Goodra|75\/100|[from] Leech Seed|[of] p2a: Modal Soul
|-heal|p2a: Modal Soul|55\/100|[silent]
|upkeep
|turn|24
|
|t:|1653257890
|switch|p1a: Buzzwole|Buzzwole|100\/100
|-start|p1a: Buzzwole|typechange|Bug\/Fighting|[silent]
|-damage|p1a: Buzzwole|88\/100|[from] Stealth Rock
|move|p2a: Modal Soul|Life Dew|p2a: Modal Soul
|-heal|p2a: Modal Soul|100\/100
|
|upkeep
|turn|25
|c|☆Beaf Cultist|HWAT
|c|+zxgzxg|i hate life dew
|c|+zxgzxg|so much
|c|~piikiki4|dew the dew
|
|t:|1653257915
|switch|p2a: flowers|Venusaur-Mega, M|100\/100
|-start|p2a: flowers|typechange|Grass\/Poison|[silent]
|-damage|p2a: flowers|88\/100|[from] Stealth Rock
|move|p1a: Buzzwole|Ice Punch|p2a: flowers
|-supereffective|p2a: flowers
|-damage|p2a: flowers|59\/100
|
|upkeep
|turn|26
|c|+zxgzxg|who subbed thos
|c|+ZCopen|Dont you mean love life dew
|c|~AquaticPanic|idk some moron
|
|t:|1653257927
|move|p1a: Buzzwole|Earthquake|p2a: flowers
|-damage|p2a: flowers|30\/100
|move|p2a: flowers|Synthesis|p2a: flowers
|-heal|p2a: flowers|80\/100
|
|upkeep
|turn|27
|c|+Sticky Fingaa|where freeze
|c|☆Beaf Cultist|true
|c|+Gekokeso|Freeze right now
|c|☆Beaf Cultist|coming up this turn actually
|
|t:|1653257944
|move|p1a: Buzzwole|Ice Punch|p2a: flowers
|-supereffective|p2a: flowers
|-damage|p2a: flowers|47\/100
|move|p2a: flowers|Leech Seed|p1a: Buzzwole
|-start|p1a: Buzzwole|move: Leech Seed
|
|-damage|p1a: Buzzwole|76\/100|[from] Leech Seed|[of] p2a: flowers
|-heal|p2a: flowers|60\/100|[silent]
|upkeep
|turn|28
|c|☆Beaf Cultist|L
|c|+Sticky Fingaa|hax
|c|☆Beaf Cultist|wasted all my hax in practice
|c|☆Beaf Cultist|zxg can attest
|c|+Sticky Fingaa|smh how could earl hax beaf so hard
|
|t:|1653257984
|switch|p1a: Goodra|Goodra, M|75\/100
|-start|p1a: Goodra|typechange|Dragon\/Poison|[silent]
|-damage|p1a: Goodra|63\/100|[from] Stealth Rock
|switch|p2a: reflection eternal|Cresselia, F|61\/100
|-start|p2a: reflection eternal|typechange|Fairy|[silent]
|-damage|p2a: reflection eternal|48\/100|[from] Stealth Rock
|
|upkeep
|turn|29
|c|+ZCopen|Shouldve went chomper
|
|t:|1653257992
|move|p2a: reflection eternal|Trick|p1a: Goodra
|-activate|p2a: reflection eternal|move: Trick|[of] p1a: Goodra
|-item|p1a: Goodra|Choice Scarf|[from] move: Trick
|-enditem|p2a: reflection eternal|Choice Scarf|[silent]|[from] move: Trick
|move|p1a: Goodra|Life Dew|p1a: Goodra
|-heal|p1a: Goodra|100\/100
|
|upkeep
|turn|30
|c|☆Beaf Cultist|what a mon
|
|t:|1653258023
|switch|p1a: ONE GOURGILLION WI|Gourgeist-Small, M|88\/100
|-damage|p1a: ONE GOURGILLION WI|76\/100|[from] Stealth Rock
|-start|p1a: ONE GOURGILLION WI|typechange|Ghost\/Grass|[silent]
|switch|p2a: Horizon|Dragapult, F|88\/100
|-damage|p2a: Horizon|76\/100|[from] Stealth Rock
|
|upkeep
|turn|31
|
|t:|1653258038
|switch|p2a: reflection eternal|Cresselia, F|48\/100
|-start|p2a: reflection eternal|typechange|Fairy|[silent]
|-damage|p2a: reflection eternal|36\/100|[from] Stealth Rock
|move|p1a: ONE GOURGILLION WI|Deafening Shriek||[still]
|-anim|p1a: ONE GOURGILLION WI|Hyper Voice|p2a: reflection eternal
|-anim|p1a: ONE GOURGILLION WI|Boomburst|p2a: reflection eternal
|-damage|p2a: reflection eternal|0 fnt
|faint|p2a: reflection eternal
|
|upkeep
|c|+Gekokeso|Shriek crit time
|
|t:|1653258057
|switch|p2a: Modal Soul|Hoopa-Unbound|100\/100
|-start|p2a: Modal Soul|typechange|Psychic\/Dark|[silent]
|-damage|p2a: Modal Soul|88\/100|[from] Stealth Rock
|turn|32
|c|+ZCopen|Reveal super luck gourg
|c|~AquaticPanic|i can see why people have their disliking to deafening shrek
|c|~piikiki4|super light power luck gourgeist
|c|~AquaticPanic|dumb move fr
|
|t:|1653258148
|switch|p1a: Buzzwole|Buzzwole|76\/100
|-start|p1a: Buzzwole|typechange|Bug\/Fighting|[silent]
|-damage|p1a: Buzzwole|63\/100|[from] Stealth Rock
|move|p2a: Modal Soul|Gunk Shot|p1a: Buzzwole|[miss]
|-miss|p2a: Modal Soul|p1a: Buzzwole
|
|upkeep
|turn|33
|c|☆Beaf Cultist|sorry
|
|t:|1653258155
|switch|p2a: flowers|Venusaur-Mega, M|60\/100
|-start|p2a: flowers|typechange|Grass\/Poison|[silent]
|-damage|p2a: flowers|47\/100|[from] Stealth Rock
|move|p1a: Buzzwole|Roost|p1a: Buzzwole
|-heal|p1a: Buzzwole|100\/100
|-singleturn|p1a: Buzzwole|move: Roost
|
|upkeep
|turn|34
|c|+ZCopen|W
|c|+ZCopen|Dont say sorry
|c|+Sticky Fingaa|W
|c|+Gekokeso|Agency miss
|c|☆Earlio2|I will never financially recover
|c|☆Beaf Cultist|if i say sorry it'll keep happening
|c|☆Beaf Cultist|tactical
|
|t:|1653258187
|move|p1a: Buzzwole|Earthquake|p2a: flowers
|-damage|p2a: flowers|21\/100
|move|p2a: flowers|Synthesis|p2a: flowers
|-heal|p2a: flowers|71\/100
|
|upkeep
|turn|35
|c|+Gekokeso|Ice punch freeze time
|
|t:|1653258196
|move|p1a: Buzzwole|Ice Punch|p2a: flowers
|-supereffective|p2a: flowers
|-damage|p2a: flowers|39\/100
|move|p2a: flowers|Synthesis|p2a: flowers
|-heal|p2a: flowers|89\/100
|
|upkeep
|turn|36
|
|t:|1653258204
|switch|p1a: ONE GOURGILLION WI|Gourgeist-Small, M|76\/100
|-start|p1a: ONE GOURGILLION WI|typechange|Ghost\/Grass|[silent]
|-damage|p1a: ONE GOURGILLION WI|63\/100|[from] Stealth Rock
|move|p2a: flowers|Leech Seed|p1a: ONE GOURGILLION WI
|-immune|p1a: ONE GOURGILLION WI
|
|upkeep
|turn|37
|c|+regic boat|WI
|c|+Gekokeso|Psychic crit time
|
|t:|1653258250
|move|p1a: ONE GOURGILLION WI|Deafening Shriek||[still]
|-anim|p1a: ONE GOURGILLION WI|Hyper Voice|p2a: flowers
|-anim|p1a: ONE GOURGILLION WI|Boomburst|p2a: flowers
|-damage|p2a: flowers|26\/100
|-start|p2a: flowers|move: Deafening Shriek
|move|p2a: flowers|Sludge Bomb|p1a: ONE GOURGILLION WI
|-damage|p1a: ONE GOURGILLION WI|0 fnt
|faint|p1a: ONE GOURGILLION WI
|
|upkeep
|c|+ZCopen|Just crit everything tbh
|c|+Gekokeso|Ok but fr tho that was one hell of a choke
|
|t:|1653258277
|switch|p1a: Buzzwole|Buzzwole|100\/100
|-start|p1a: Buzzwole|typechange|Bug\/Fighting|[silent]
|-damage|p1a: Buzzwole|88\/100|[from] Stealth Rock
|turn|38
|c|☆Earlio2|wait lmao synth
|c|~piikiki4|all so all 3 things getting nerfed after this didn't do much, nice
|c|☆Earlio2|I forgot about the actual downside of the move cuz it always fuckin ohkoes!
|c|☆Beaf Cultist|honest
|c|~piikiki4|true
|c|☆Earlio2|what kind of rolls is making ice punch do 32 against this mon
|c|☆Earlio2|but eq only does 26
|c|☆Beaf Cultist|skill
|c|☆Beaf Cultist|duh
|
|t:|1653258366
|move|p1a: Buzzwole|Ice Punch|p2a: flowers
|-supereffective|p2a: flowers
|-damage|p2a: flowers|0 fnt
|faint|p2a: flowers
|
|upkeep
|
|t:|1653258368
|switch|p2a: Horizon|Dragapult, F|76\/100
|-damage|p2a: Horizon|64\/100|[from] Stealth Rock
|turn|39
|c|~AquaticPanic|i know the answer
|c|+regic boat|skill
|c|+ZCopen|Reveal av buzz
|c|~piikiki4|av roost buzz
|c|+Sticky Fingaa|bright powder buzzwole
|c|~AquaticPanic|ice plate buzz
|c|+regic boat|reveal ice plate judgement buzz
|c|☆Earlio2|expert belt buzz???
|c|+ZCopen|So true
|c|~piikiki4|ice memory multi-attack buzz
|
|t:|1653258444
|move|p2a: Horizon|Draco Meteor|p1a: Buzzwole
|-damage|p1a: Buzzwole|0 fnt
|-unboost|p2a: Horizon|spa|2
|faint|p1a: Buzzwole
|
|upkeep
|
|t:|1653258464
|switch|p1a: Goodra|Goodra, M|100\/100
|-damage|p1a: Goodra|88\/100|[from] Stealth Rock
|-start|p1a: Goodra|typechange|Dragon\/Poison|[silent]
|turn|40
|c|~AquaticPanic|rip mosquito
|
|t:|1653258477
|switch|p2a: Eclipse|Moltres-Galar|87\/100 tox
|-damage|p2a: Eclipse|62\/100 tox|[from] Stealth Rock
|-start|p2a: Eclipse|typechange|Dark\/Flying|[silent]
|move|p1a: Goodra|Thunder Punch|p2a: Eclipse
|-supereffective|p2a: Eclipse
|-damage|p2a: Eclipse|2\/100 tox
|
|-damage|p2a: Eclipse|0 fnt|[from] psn
|faint|p2a: Eclipse
|upkeep
|
|t:|1653258479
|switch|p2a: Modal Soul|Hoopa-Unbound|88\/100
|-start|p2a: Modal Soul|typechange|Psychic\/Dark|[silent]
|-damage|p2a: Modal Soul|76\/100|[from] Stealth Rock
|turn|41
|
|t:|1653258508
|move|p1a: Goodra|Thunder Punch|p2a: Modal Soul
|-crit|p2a: Modal Soul
|-damage|p2a: Modal Soul|15\/100
|move|p2a: Modal Soul|Curse|p2a: Modal Soul
|-unboost|p2a: Modal Soul|spe|1
|-boost|p2a: Modal Soul|atk|2
|-boost|p2a: Modal Soul|def|1
|
|upkeep
|turn|42
|c|☆Earlio2|jesus fucking christ
|c|+regic boat|CRIT
|c|☆Beaf Cultist|we love to see em
|c|+Gekokeso|Outskilled
|c|+zxgzxg|based
|c|☆Earlio2|no I dont
|c|+ZCopen|GOURGED
|c|☆Earlio2|this game fucking sucks
|c|~scoopapa|that's fucking cursed
|
|t:|1653258529
|move|p1a: Goodra|Thunder Punch|p2a: Modal Soul
|-damage|p2a: Modal Soul|0 fnt
|faint|p2a: Modal Soul
|
|upkeep
|c|~AquaticPanic|:monkefication:
|
|t:|1653258531
|switch|p2a: Horizon|Dragapult, F|64\/100
|-damage|p2a: Horizon|51\/100|[from] Stealth Rock
|turn|43
|c|~piikiki4|not the double curse life dew mons
|
|t:|1653258537
|move|p2a: Horizon|Shadow Ball|p1a: Goodra
|-damage|p1a: Goodra|55\/100
|move|p1a: Goodra|Thunder Punch|p2a: Horizon
|-resisted|p2a: Horizon
|-damage|p2a: Horizon|35\/100
|
|upkeep
|turn|44
|c|+zxgzxg|curse goodra to scarf goodra
|j|+NeonNitroGlycerin
|
|t:|1653258544
|move|p2a: Horizon|Shadow Ball|p1a: Goodra
|-damage|p1a: Goodra|22\/100
|move|p1a: Goodra|Thunder Punch|p2a: Horizon
|-resisted|p2a: Horizon
|-damage|p2a: Horizon|16\/100
|
|upkeep
|turn|45
|c|+zxgzxg|epic
|c|+Gekokeso|Para
|c|+regic boat|para???
|c|☆Earlio2|god
|c|+NeonNitroGlycerin|one gourg
|
|t:|1653258551
|move|p2a: Horizon|Shadow Ball|p1a: Goodra
|-damage|p1a: Goodra|0 fnt
|faint|p1a: Goodra
|
|upkeep
|c|+regic boat|no para
|
|t:|1653258556
|switch|p1a: Heatran|Heatran, M|76\/100
|-damage|p1a: Heatran|63\/100|[from] Stealth Rock
|turn|46
|c|+zxgzxg|there is no god earl
|c|☆Earlio2|I despise this tour
|c|+ZCopen|Literally gourging
|c|☆Earlio2|literally just
|c|+zxgzxg|only gourg
|c|+regic boat|literally gourging
|c|~piikiki4|2 crits wins
|c|+NeonNitroGlycerin|gourgin time
|c|+ZCopen|Sounds like 0-3 to me
|c|☆Earlio2|fuck off copen
|
|t:|1653258585
|move|p2a: Horizon|Shadow Ball|p1a: Heatran
|-damage|p1a: Heatran|28\/100
|move|p1a: Heatran|Earth Power|p2a: Horizon
|-damage|p2a: Horizon|0 fnt
|faint|p2a: Horizon
|
|win|Beaf Cultist
|c|☆Beaf Cultist|gg
|c|☆Earlio2|no
|c|+zxgzxg|epic win beaf
|c|+ZCopen|gg
|c|+zxgzxg|gg
|c|+ZCopen|THREE GOURGILLION WINS
|c|+zxgzxg|ngl tho
|c|+Gekokeso|Man I should have not doubted beaf
|c|☆Earlio2|I should have clicked dew ig
|c|☆Beaf Cultist|this fucking goodra set
|c|☆Earlio2|but still
|c|+zxgzxg|some of those plays had me like 😫
|c|☆Beaf Cultist|why does it keep working
|c|+Gekokeso|I thought he was choking
|l|+NeonNitroGlycerin
|c|☆Earlio2|yeah beaf that goodra set was so good man. thats why it couldnt 2hko a hoopa
|l|+ZCopen
|c|+Gekokeso|But it was all part of the plan
|c|+zxgzxg|why did you not curse in front of empo
|c|~piikiki4|yeah for a game that not much hax happened, that was like the worst time it could've happened considering the hoopa set
|l|+Sticky Fingaa
|c|+zxgzxg|why did you sack buzz for no reason
|c|☆Earlio2|like I am pretty sure I just won there if that crit didnt happen but
|c|+Gekokeso|Zxgzxg I think brun powder Venu?
|c|☆Earlio2|never rewarded amirite
|c|+zxgzxg|either way
|c|+zxgzxg|gourgin
|c|+Gekokeso|Sacking gourg and buzz may seem like a choke
|l|~AquaticPanic
|c|+regic boat|gourgin fr
|l|+regic boat
|l|+Gekokeso
|c|~piikiki4|beaf simply knew he would crit and knew that earl was curse duh
|c|☆Earlio2|literally all 2 instances of hax were on my side
|c|☆Earlio2|like imagine if that gunk hit and poisoned
|c|☆Earlio2|that wouldve been crazy</script>
</div>
<div class="battle-log battle-log-inline"><div class="inner"><div class="battle-options"><div style="padding-top: 3px; padding-right: 3px; text-align: right"><button class="icon button" name="openBattleOptions" title="Options">Battle Options</button></div></div><div class="inner message-log"><div class="chat"><div class="broadcast-red"><strong>This battle is invite-only!</strong><br>Users must be invited with <code>/invite</code> (or be staff) to join</div></div><div class="chat"><small>☆Beaf Cultist and ☆Earlio2 joined</small></div><div class=""><small>Format:</small> <br><strong>[Gen 8] JolteMons</strong></div><div class=""><small><em>HP Percentage Mod:</em> HP is shown in percentages</small></div><div class=""><small><em>Endless Battle Clause:</em> Forcing endless battles is banned</small></div><div class=""><small><em>OHKO Clause:</em> OHKO moves are banned</small></div><div class=""><small><em>Evasion Moves Clause:</em> Evasion moves are banned</small></div><div class=""><small><em>Species Clause:</em> Limit one of each Pokémon</small></div><div class=""><small><em>Dynamax Clause:</em> You cannot dynamax</small></div><div class=""><small><em>Sleep Clause Mod:</em> Limit one foe put to sleep</small></div><div class="chat battle-history"><strong>Beaf Cultist's team:</strong> <em style="color:#445566;display:block;">Goodra / Slowbro / Gourgeist-* / Heatran / Gliscor / Buzzwole</em></div><div class="chat battle-history"><strong>Earlio2's team:</strong> <em style="color:#445566;display:block;">Hoopa-Unbound / Dragapult / Cresselia / Moltres-Galar / Empoleon / Venusaur</em></div><div class="chat chatmessage-beafcultist"><strong style="color:#3ab7b9"><small>☆</small><span class="username" data-name="Beaf Cultist">Beaf Cultist</span>:</strong> <em>how turn off invite only</em></div><div class="chat chatmessage-beafcultist"><strong style="color:#3ab7b9"><small>☆</small><span class="username" data-name="Beaf Cultist">Beaf Cultist</span>:</strong> <em>also hf</em></div><div class="chat chatmessage-earlio2"><strong style="color:#60923a"><small>☆</small><span class="username" data-name="Earlio2">Earlio2</span>:</strong> <em>oh just want to </em></div><div class="chat chatmessage-earlio2"><strong style="color:#60923a"><small>☆</small><span class="username" data-name="Earlio2">Earlio2</span>:</strong> <em>rematch and I can make it public?</em></div><div class="chat chatmessage-beafcultist"><strong style="color:#3ab7b9"><small>☆</small><span class="username" data-name="Beaf Cultist">Beaf Cultist</span>:</strong> <em>ye that works</em></div><div class="chat chatmessage-beafcultist"><strong style="color:#3ab7b9"><small>☆</small><span class="username" data-name="Beaf Cultist">Beaf Cultist</span>:</strong> <em>one sec</em></div><div class="chat chatmessage-earlio2"><strong style="color:#60923a"><small>☆</small><span class="username" data-name="Earlio2">Earlio2</span>:</strong> <em>wait</em></div><div class="chat chatmessage-earlio2"><strong style="color:#60923a"><small>☆</small><span class="username" data-name="Earlio2">Earlio2</span>:</strong> <em>there's a commander</em></div><div class="chat chatmessage-earlio2"><strong style="color:#60923a"><small>☆</small><span class="username" data-name="Earlio2">Earlio2</span>:</strong> <em>command</em></div><div class="chat chatmessage-beafcultist"><strong style="color:#3ab7b9"><small>☆</small><span class="username" data-name="Beaf Cultist">Beaf Cultist</span>:</strong> <em>modjoin?</em></div><div class="chat chatmessage-beafcultist"><strong style="color:#3ab7b9"><small>☆</small><span class="username" data-name="Beaf Cultist">Beaf Cultist</span>:</strong> <em>among us</em></div><div class="chat chatmessage-beafcultist"><strong style="color:#3ab7b9"><small>☆</small><span class="username" data-name="Beaf Cultist">Beaf Cultist</span>:</strong> <em>what is the command</em></div><div class="chat chatmessage-earlio2"><strong style="color:#60923a"><small>☆</small><span class="username" data-name="Earlio2">Earlio2</span>:</strong> <em>huh</em></div><div class="chat chatmessage-beafcultist"><strong style="color:#3ab7b9"><small>☆</small><span class="username" data-name="Beaf Cultist">Beaf Cultist</span>:</strong> <em>oh it's you</em></div><div class="chat chatmessage-beafcultist"><strong style="color:#3ab7b9"><small>☆</small><span class="username" data-name="Beaf Cultist">Beaf Cultist</span>:</strong> <em>do /inviteonly off</em></div><div class="chat"><div class="broadcast-blue"><strong>This room is no longer invite only!</strong><br>Anyone may now join.</div></div><div class="chat chatmessage-earlio2"><span class="message-log">Earlio2 turned off modjoin.</span></div><div class="chat chatmessage-earlio2"><strong style="color:#60923a"><small>☆</small><span class="username" data-name="Earlio2">Earlio2</span>:</strong> <em>banger</em></div><div class="chat chatmessage-beafcultist"><strong style="color:#3ab7b9"><small>☆</small><span class="username" data-name="Beaf Cultist">Beaf Cultist</span>:</strong> <em>perfect</em></div><div class="chat"><small>~piikiki4 joined; ☆Beaf Cultist left</small></div><div class="chat"><small>☆Beaf Cultist joined</small></div><div class="chat chatmessage-piikiki4"><span class="message-log">piikiki4 made this room public.</span></div><div class="chat chatmessage-beafcultist"><strong style="color:#3ab7b9"><small>☆</small><span class="username" data-name="Beaf Cultist">Beaf Cultist</span>:</strong> <em>earl try /modjoin off</em></div><div class="chat chatmessage-beafcultist"><strong style="color:#3ab7b9"><small>☆</small><span class="username" data-name="Beaf Cultist">Beaf Cultist</span>:</strong> <em>oh nv</em></div><div class="chat chatmessage-beafcultist"><strong style="color:#3ab7b9"><small>☆</small><span class="username" data-name="Beaf Cultist">Beaf Cultist</span>:</strong> <em>m</em></div><div class="chat"><small>+Tapler ❀ joined</small></div><div class="chat chatmessage-tapler"><strong style="color:#b48122"><small>+</small><span class="username" data-name="Tapler ❀">Tapler ❀</span>:</strong> <em>ayyyy</em></div><div class="chat"><small>+regic boat joined</small></div><div class="chat chatmessage-beafcultist"><strong style="color:#3ab7b9"><small>☆</small><span class="username" data-name="Beaf Cultist">Beaf Cultist</span>:</strong> <em>once again, glhf</em></div><div class="chat chatmessage-regicboat"><strong style="color:#7732e7"><small>+</small><span class="username" data-name="regic boat">regic boat</span>:</strong> <em>epic</em></div><div class="chat"><small>+Gekokeso joined</small></div><div class="chat chatmessage-piikiki4"><strong style="color:#0ea80c"><small>~</small><span class="username" data-name="piikiki4">piikiki4</span>:</strong> <em>aight this is gonna be the best battle of the tournament </em></div><div class="chat chatmessage-piikiki4"><strong style="color:#0ea80c"><small>~</small><span class="username" data-name="piikiki4">piikiki4</span>:</strong> <em>i believe</em></div><div class="chat chatmessage-regicboat"><strong style="color:#7732e7"><small>+</small><span class="username" data-name="regic boat">regic boat</span>:</strong> <em>true!!!</em></div><div class="chat chatmessage-beafcultist"><strong style="color:#3ab7b9"><small>☆</small><span class="username" data-name="Beaf Cultist">Beaf Cultist</span>:</strong> <em>fucked defensive core</em></div><div class="chat chatmessage-beafcultist"><strong style="color:#3ab7b9"><small>☆</small><span class="username" data-name="Beaf Cultist">Beaf Cultist</span>:</strong> <em>earl makes me foam at the mouth</em></div><div class="chat"><small>+Sticky Fingaa joined</small></div><div class="chat chatmessage-tapler"><strong style="color:#b48122"><small>+</small><span class="username" data-name="Tapler ❀">Tapler ❀</span>:</strong> <em>empo cress moment</em></div><div class="chat chatmessage-gekokeso"><strong style="color:#9b940e"><small>+</small><span class="username" data-name="Gekokeso">Gekokeso</span>:</strong> <em>Don't worry beaf</em></div><div class="chat chatmessage-regicboat"><strong style="color:#7732e7"><small>+</small><span class="username" data-name="regic boat">regic boat</span>:</strong> <em>empo cress moment </em></div><div class="chat chatmessage-piikiki4"><strong style="color:#0ea80c"><small>~</small><span class="username" data-name="piikiki4">piikiki4</span>:</strong> <em>he said "lemme get this off before it gets nerfed"</em></div><div class="chat chatmessage-gekokeso"><strong style="color:#9b940e"><small>+</small><span class="username" data-name="Gekokeso">Gekokeso</span>:</strong> <em>The boomers trusts in you</em></div><div class="chat chatmessage-tapler"><strong style="color:#b48122"><small>+</small><span class="username" data-name="Tapler ❀">Tapler ❀</span>:</strong> <em>LOL</em></div><div class="chat chatmessage-earlio2"><strong style="color:#60923a"><small>☆</small><span class="username" data-name="Earlio2">Earlio2</span>:</strong> <em>hf</em></div><div class="chat chatmessage-beafcultist"><strong style="color:#3ab7b9"><small>☆</small><span class="username" data-name="Beaf Cultist">Beaf Cultist</span>:</strong> <em>mans got the</em></div><div class="chat chatmessage-stickyfingaa"><strong style="color:#e76311"><small>+</small><span class="username" data-name="Sticky Fingaa">Sticky Fingaa</span>:</strong> <em>🥩</em></div><div class="chat chatmessage-beafcultist"><strong style="color:#3ab7b9"><small>☆</small><span class="username" data-name="Beaf Cultist">Beaf Cultist</span>:</strong> <em>cress/golt/empol/venu :skull:</em></div><div class="chat chatmessage-gekokeso"><strong style="color:#9b940e"><small>+</small><span class="username" data-name="Gekokeso">Gekokeso</span>:</strong> <em>To hax the shit out of earl to win</em></div><div class="chat chatmessage-gekokeso"><strong style="color:#9b940e"><small>+</small><span class="username" data-name="Gekokeso">Gekokeso</span>:</strong> <em>You just need enough shriek crits</em></div><div class="chat chatmessage-earlio2"><strong style="color:#60923a"><small>☆</small><span class="username" data-name="Earlio2">Earlio2</span>:</strong> <em>:jokerfication:</em></div><div class="chat chatmessage-beafcultist"><strong style="color:#3ab7b9"><small>☆</small><span class="username" data-name="Beaf Cultist">Beaf Cultist</span>:</strong> <em>true!</em></div><div class="chat"><small>+zxgzxg joined</small></div><div class="chat chatmessage-beafcultist"><strong style="color:#3ab7b9"><small>☆</small><span class="username" data-name="Beaf Cultist">Beaf Cultist</span>:</strong> <em>forgot to bring rachi</em></div><div class="chat"><small>+Sticky Fingaa left</small></div><div class="chat chatmessage-tapler"><strong style="color:#b48122"><small>+</small><span class="username" data-name="Tapler ❀">Tapler ❀</span>:</strong> <em>anyways still no sign of luke so ima go get lunch lol, gl beaf</em></div><div class="spacer battle-history"><br></div><div class="battle-history">Battle started between Beaf Cultist and Earlio2!<br></div><div class="spacer battle-history"><br></div><div class="battle-history">Go! <strong>Buzzwole</strong>!<br></div><div class="spacer battle-history"><br></div><div class="battle-history">Earlio2 sent out Horizon (<strong>Dragapult</strong>)!<br></div><div class="chat"><ul class="utilichart"><li class="result"><span class="col pokemonnamecol" style="white-space: nowrap">Buzzwole</span> <span class="col typecol"><img src="https://dragonheaven.herokuapp.com/sprites/types/Bug.png" alt="Bug" height="14" width="32"><img src="https://dragonheaven.herokuapp.com/sprites/types/Fighting.png" alt="Fighting" height="14" width="32"></span> <span style="float: left ; min-height: 26px"><span class="col abilitycol">Beast Boost / Iron Fist</span><span class="col abilitycol"></span></span></li><li style="clear: both"></li></ul></div><div class="chat"><ul class="utilichart"><li class="result"><span style="float: left ; min-height: 26px"><span class="col statcol"><em>HP</em><br>107</span> <span class="col statcol"><em>Atk</em><br>139</span> <span class="col statcol"><em>Def</em><br>139</span> <span class="col statcol"><em>SpA</em><br>53</span> <span class="col statcol"><em>SpD</em><br>53</span> <span class="col statcol"><em>Spe</em><br>79</span> </span></li><li style="clear: both"></li></ul></div><div class="spacer battle-history"><br></div><h2 class="battle-history">Turn 1</h2><div class="chat"><small>~AquaticPanic and +ZCopen joined; +Tapler ❀ left</small></div><div class="spacer battle-history"><br></div><div class="battle-history">Buzzwole, come back!<br></div><div class="battle-history">Go! <strong>Heatran</strong>!<br></div><div class="spacer battle-history"><br></div><div class="battle-history">The opposing Horizon used <strong>Draco Meteor</strong>!<br></div><div class="battle-history"><small>It's not very effective...</small><br></div><div class="battle-history"><small>(Heatran lost 28% of its health!)</small><br></div><div class="battle-history"><small>The opposing Horizon's Sp. Atk fell harshly!</small><br></div><div class="spacer battle-history"><br></div><div class="battle-history"><small>Heatran restored a little HP using its Leftovers!</small><br></div><div class="spacer battle-history"><br></div><h2 class="battle-history">Turn 2</h2><div class="chat chatmessage-zcopen"><strong style="color:#226dd7"><small>+</small><span class="username" data-name="ZCopen">ZCopen</span>:</strong> <em>Dont see how beaf loses from this position tbh free W</em></div><div class="chat"><small>+Sticky Fingaa joined</small></div><div class="chat chatmessage-aquaticpanic"><strong style="color:#6152ee"><small>~</small><span class="username" data-name="AquaticPanic">AquaticPanic</span>:</strong> <em>:monkefication:</em></div><div class="spacer battle-history"><br></div><div class="battle-history">Earlio2 withdrew Horizon!<br></div><div class="battle-history">Earlio2 sent out Eclipse (<strong>Moltres-Galar</strong>)!<br></div><div class="chat"><ul class="utilichart"><li class="result"><span class="col pokemonnamecol" style="white-space: nowrap">Moltres-Galar</span> <span class="col typecol"><img src="https://dragonheaven.herokuapp.com/sprites/types/Dark.png" alt="Dark" height="14" width="32"><img src="https://dragonheaven.herokuapp.com/sprites/types/Flying.png" alt="Flying" height="14" width="32"></span> <span style="float: left ; min-height: 26px"><span class="col abilitycol">Berserk / Regenerator</span><span class="col abilitycol"></span></span></li><li style="clear: both"></li></ul></div><div class="chat"><ul class="utilichart"><li class="result"><span style="float: left ; min-height: 26px"><span class="col statcol"><em>HP</em><br>90</span> <span class="col statcol"><em>Atk</em><br>85</span> <span class="col statcol"><em>Def</em><br>90</span> <span class="col statcol"><em>SpA</em><br>100</span> <span class="col statcol"><em>SpD</em><br>125</span> <span class="col statcol"><em>Spe</em><br>90</span> </span></li><li style="clear: both"></li></ul></div><div class="spacer battle-history"><br></div><div class="battle-history">Heatran used <strong>Magma Storm</strong>!<br></div><div class="battle-history"><small>(The opposing Eclipse lost 22% of its health!)</small><br></div><div class="battle-history"><small>The opposing Eclipse became trapped by swirling magma!</small><br></div><div class="spacer battle-history"><br></div><div class="battle-history"><small>Heatran restored a little HP using its Leftovers!</small><br></div><div class="battle-history"><small>The opposing Eclipse is hurt by Magma Storm!</small><br></div><div class="spacer battle-history"><br></div><h2 class="battle-history">Turn 3</h2><div class="spacer battle-history"><br></div><div class="battle-history">Heatran used <strong>Toxic</strong>!<br></div><div class="battle-history"><small>The opposing Eclipse was badly poisoned!</small><br></div><div class="spacer battle-history"><br></div><div class="battle-history">The opposing Eclipse used <strong>U-turn</strong>!<br></div><div class="battle-history"><small>It's not very effective...</small><br></div><div class="battle-history"><small>(Heatran lost 3% of its health!)</small><br></div><div class="spacer battle-history"><br></div><div class="battle-history">The opposing Eclipse went back to Earlio2!<br></div><div class="battle-history">Earlio2 sent out Feather (<strong>Empoleon</strong>)!<br></div><div class="chat"><ul class="utilichart"><li class="result"><span class="col pokemonnamecol" style="white-space: nowrap">Empoleon</span> <span class="col typecol"><img src="https://dragonheaven.herokuapp.com/sprites/types/Water.png" alt="Water" height="14" width="32"><img src="https://dragonheaven.herokuapp.com/sprites/types/Steel.png" alt="Steel" height="14" width="32"></span> <span style="float: left ; min-height: 26px"><span class="col abilitycol">Torrent / Unimpressed</span><span class="col abilitycol"></span></span></li><li style="clear: both"></li></ul></div><div class="chat"><ul class="utilichart"><li class="result"><span style="float: left ; min-height: 26px"><span class="col statcol"><em>HP</em><br>84</span> <span class="col statcol"><em>Atk</em><br>86</span> <span class="col statcol"><em>Def</em><br>88</span> <span class="col statcol"><em>SpA</em><br>111</span> <span class="col statcol"><em>SpD</em><br>101</span> <span class="col statcol"><em>Spe</em><br>60</span> </span></li><li style="clear: both"></li></ul></div><div class="spacer battle-history"><br></div><div class="battle-history"><small>Heatran restored a little HP using its Leftovers!</small><br></div><div class="spacer battle-history"><br></div><h2 class="battle-history">Turn 4</h2><div class="spacer battle-history"><br></div><div class="battle-history">Heatran used <strong>Stealth Rock</strong>!<br></div><div class="battle-history"><small>Pointed stones float in the air around the opposing team!</small><br></div><div class="spacer battle-history"><br></div><div class="battle-history">The opposing Feather used <strong>Stealth Rock</strong>!<br></div><div class="battle-history"><small>Pointed stones float in the air around your team!</small><br></div><div class="spacer battle-history"><br></div><div class="battle-history"><small>Heatran restored a little HP using its Leftovers!</small><br></div><div class="spacer battle-history"><br></div><h2 class="battle-history">Turn 5</h2><div class="chat chatmessage-aquaticpanic"><strong style="color:#6152ee"><small>~</small><span class="username" data-name="AquaticPanic">AquaticPanic</span>:</strong> <em>lo</em></div><div class="chat chatmessage-zxgzxg"><strong style="color:#8f19ef"><small>+</small><span class="username" data-name="zxgzxg">zxgzxg</span>:</strong> <em>earl bringing the most boring team ever 🤓</em></div><div class="chat chatmessage-beafcultist"><strong style="color:#3ab7b9"><small>☆</small><span class="username" data-name="Beaf Cultist">Beaf Cultist</span>:</strong> <em>it has honpa!</em></div><div class="chat chatmessage-piikiki4"><strong style="color:#0ea80c"><small>~</small><span class="username" data-name="piikiki4">piikiki4</span>:</strong> <em>earl said he's not going 0-3</em></div><div class="chat chatmessage-zxgzxg"><strong style="color:#8f19ef"><small>+</small><span class="username" data-name="zxgzxg">zxgzxg</span>:</strong> <em>hoopa dick lol</em></div><div class="spacer battle-history"><br></div><div class="battle-history">Heatran, come back!<br></div><div class="battle-history">Go! <strong>Slowbro</strong>!<br></div><div class="spacer battle-history"><br></div><div class="battle-history">The opposing Feather used <strong>Flip Turn</strong>!<br></div><div class="battle-history"><small>It's not very effective...</small><br></div><div class="battle-history"><small>(Slowbro lost 5% of its health!)</small><br></div><div class="chat chatmessage-zcopen"><strong style="color:#226dd7"><small>+</small><span class="username" data-name="ZCopen">ZCopen</span>:</strong> <em>earl going 0-3</em></div><div class="spacer battle-history"><br></div><div class="battle-history">Earlio2 withdrew Feather!<br></div><div class="battle-history">Earlio2 sent out Horizon (<strong>Dragapult</strong>)!<br></div><div class="battle-history"><small>Pointed stones dug into the opposing Horizon!</small><br></div><div class="spacer battle-history"><br></div><h2 class="battle-history">Turn 6</h2><div class="chat chatmessage-stickyfingaa"><strong style="color:#e76311"><small>+</small><span class="username" data-name="Sticky Fingaa">Sticky Fingaa</span>:</strong> <em>earl going 0-3</em></div><div class="spacer battle-history"><br></div><div class="battle-history">The opposing Horizon used <strong>Shadow Ball</strong>!<br></div><div class="battle-history"><small>It's super effective!</small><br></div><div class="battle-history"><small>(Slowbro lost 95% of its health!)</small><br></div><div class="spacer battle-history"><br></div><div class="battle-history">Slowbro fainted!<br></div><div class="spacer battle-history"><br></div><div class="battle-history">Go! ONE GOURGILLION WI (<strong>Gourgeist-Small</strong>)!<br></div><div class="chat"><ul class="utilichart"><li class="result"><span class="col pokemonnamecol" style="white-space: nowrap">Gourgeist-Small</span> <span class="col typecol"><img src="https://dragonheaven.herokuapp.com/sprites/types/Ghost.png" alt="Ghost" height="14" width="32"><img src="https://dragonheaven.herokuapp.com/sprites/types/Grass.png" alt="Grass" height="14" width="32"></span> <span style="float: left ; min-height: 26px"><span class="col abilitycol">Soul Link / Frisk / Light Power</span><span class="col abilitycol"></span></span></li><li style="clear: both"></li></ul></div><div class="chat"><ul class="utilichart"><li class="result"><span style="float: left ; min-height: 26px"><span class="col statcol"><em>HP</em><br>55</span> <span class="col statcol"><em>Atk</em><br>85</span> <span class="col statcol"><em>Def</em><br>122</span> <span class="col statcol"><em>SpA</em><br>58</span> <span class="col statcol"><em>SpD</em><br>75</span> <span class="col statcol"><em>Spe</em><br>99</span> </span></li><li style="clear: both"></li></ul></div><div class="battle-history"><small>Pointed stones dug into ONE GOURGILLION WI!</small><br></div><div class="spacer battle-history"><br></div><h2 class="battle-history">Turn 7</h2><div class="spacer battle-history"><br></div><div class="battle-history">Earlio2 withdrew Horizon!<br></div><div class="battle-history">Earlio2 sent out Eclipse (<strong>Moltres-Galar</strong>)!<br></div><div class="spacer battle-history"><br></div><div class="battle-history">ONE GOURGILLION WI used <strong>Moonblast</strong>!<br></div><div class="battle-history"><small>It's super effective!</small><br></div><div class="battle-history"><small>(The opposing Eclipse lost 44% of its health!)</small><br></div><div class="battle-history"><small>The opposing Eclipse's Sp. Atk fell!</small><br></div><div class="spacer battle-history"><br></div><div class="battle-history"><small>The opposing Eclipse was hurt by poison!</small><br></div><div class="spacer battle-history"><br></div><h2 class="battle-history">Turn 8</h2><div class="chat chatmessage-zcopen"><strong style="color:#226dd7"><small>+</small><span class="username" data-name="ZCopen">ZCopen</span>:</strong> <em>THREE GOURGILLION WINS</em></div><div class="chat chatmessage-aquaticpanic"><strong style="color:#6152ee"><small>~</small><span class="username" data-name="AquaticPanic">AquaticPanic</span>:</strong> <em>WI</em></div><div class="chat chatmessage-zxgzxg"><strong style="color:#8f19ef"><small>+</small><span class="username" data-name="zxgzxg">zxgzxg</span>:</strong> <em>WI</em></div><div class="chat chatmessage-gekokeso"><strong style="color:#9b940e"><small>+</small><span class="username" data-name="Gekokeso">Gekokeso</span>:</strong> <em>Moon last crit time</em></div><div class="chat chatmessage-stickyfingaa"><strong style="color:#e76311"><small>+</small><span class="username" data-name="Sticky Fingaa">Sticky Fingaa</span>:</strong> <em>look at the plays</em></div><div class="chat chatmessage-stickyfingaa"><strong style="color:#e76311"><small>+</small><span class="username" data-name="Sticky Fingaa">Sticky Fingaa</span>:</strong> <em>the man is unstoppable</em></div><div class="chat chatmessage-zxgzxg"><strong style="color:#8f19ef"><small>+</small><span class="username" data-name="zxgzxg">zxgzxg</span>:</strong> <em>im lookin at em</em></div><div class="spacer battle-history"><br></div><div class="battle-history">ONE GOURGILLION WI, come back!<br></div><div class="battle-history">Go! <strong>Goodra</strong>!<br></div><div class="chat"><ul class="utilichart"><li class="result"><span class="col pokemonnamecol" style="white-space: nowrap">Goodra</span> <span class="col typecol"><img src="https://dragonheaven.herokuapp.com/sprites/types/Dragon.png" alt="Dragon" height="14" width="32"><img src="https://dragonheaven.herokuapp.com/sprites/types/Poison.png" alt="Poison" height="14" width="32"></span> <span style="float: left ; min-height: 26px"><span class="col abilitycol">Sticky Hold / Neuroforce / Gooey</span><span class="col abilitycol"></span></span></li><li style="clear: both"></li></ul></div><div class="chat"><ul class="utilichart"><li class="result"><span style="float: left ; min-height: 26px"><span class="col statcol"><em>HP</em><br>90</span> <span class="col statcol"><em>Atk</em><br>100</span> <span class="col statcol"><em>Def</em><br>70</span> <span class="col statcol"><em>SpA</em><br>110</span> <span class="col statcol"><em>SpD</em><br>150</span> <span class="col statcol"><em>Spe</em><br>80</span> </span></li><li style="clear: both"></li></ul></div><div class="battle-history"><small>Pointed stones dug into Goodra!</small><br></div><div class="spacer battle-history"><br></div><div class="battle-history">The opposing Eclipse used <strong>Fiery Wrath</strong>!<br></div><div class="battle-history"><small>(Goodra lost 12% of its health!)</small><br></div><div class="spacer battle-history"><br></div><div class="battle-history"><small>Goodra restored a little HP using its Black Sludge!</small><br></div><div class="battle-history"><small>The opposing Eclipse was hurt by poison!</small><br></div><div class="spacer battle-history"><br></div><h2 class="battle-history">Turn 9</h2><div class="chat chatmessage-zxgzxg"><strong style="color:#8f19ef"><small>+</small><span class="username" data-name="zxgzxg">zxgzxg</span>:</strong> <em>doesnt look good for ol leonard</em></div><div class="chat chatmessage-zcopen"><strong style="color:#226dd7"><small>+</small><span class="username" data-name="ZCopen">ZCopen</span>:</strong> <em>Id go chomper here</em></div><div class="chat chatmessage-earlio2"><strong style="color:#60923a"><small>☆</small><span class="username" data-name="Earlio2">Earlio2</span>:</strong> <em>so true</em></div><div class="chat chatmessage-beafcultist"><strong style="color:#3ab7b9"><small>☆</small><span class="username" data-name="Beaf Cultist">Beaf Cultist</span>:</strong> <em>shoutouts to all my fans</em></div><div class="chat chatmessage-beafcultist"><strong style="color:#3ab7b9"><small>☆</small><span class="username" data-name="Beaf Cultist">Beaf Cultist</span>:</strong> <em>couldn't have made it here without you all</em></div><div class="chat chatmessage-zxgzxg"><strong style="color:#8f19ef"><small>+</small><span class="username" data-name="zxgzxg">zxgzxg</span>:</strong> <em>i love u beaf</em></div><div class="chat chatmessage-zxgzxg"><strong style="color:#8f19ef"><small>+</small><span class="username" data-name="zxgzxg">zxgzxg</span>:</strong> <em>😘</em></div><div class="chat chatmessage-regicboat"><strong style="color:#7732e7"><small>+</small><span class="username" data-name="regic boat">regic boat</span>:</strong> <em>go beaf!!!</em></div><div class="chat chatmessage-stickyfingaa"><strong style="color:#e76311"><small>+</small><span class="username" data-name="Sticky Fingaa">Sticky Fingaa</span>:</strong> <em>dude has became a machine of competitive price pokémon</em></div><div class="chat chatmessage-zcopen"><strong style="color:#226dd7"><small>+</small><span class="username" data-name="ZCopen">ZCopen</span>:</strong> <em>Beaf op tbh...</em></div><div class="spacer battle-history"><br></div><div class="battle-history">Earlio2 withdrew Eclipse!<br></div><div class="battle-history">Earlio2 sent out Feather (<strong>Empoleon</strong>)!<br></div><div class="battle-history"><small>Pointed stones dug into the opposing Feather!</small><br></div><div class="spacer battle-history"><br></div><div class="battle-history">Goodra used <strong>Curse</strong>!<br></div><div class="battle-history"><small>Goodra's Speed fell!</small><br></div><div class="battle-history"><small>Goodra's Attack rose sharply!</small><br></div><div class="battle-history"><small>Goodra's Defense rose!</small><br></div><div class="spacer battle-history"><br></div><div class="battle-history"><small>Goodra restored a little HP using its Black Sludge!</small><br></div><div class="spacer battle-history"><br></div><h2 class="battle-history">Turn 10</h2><div class="chat chatmessage-beafcultist"><strong style="color:#3ab7b9"><small>☆</small><span class="username" data-name="Beaf Cultist">Beaf Cultist</span>:</strong> <em>it is time</em></div><div class="chat chatmessage-stickyfingaa"><strong style="color:#e76311"><small>+</small><span class="username" data-name="Sticky Fingaa">Sticky Fingaa</span>:</strong> <em>the only thing I see is the pure juice of skill</em></div><div class="chat chatmessage-gekokeso"><strong style="color:#9b940e"><small>+</small><span class="username" data-name="Gekokeso">Gekokeso</span>:</strong> <em>beaf about to get 8 billion crits</em></div><div class="chat chatmessage-aquaticpanic"><strong style="color:#6152ee"><small>~</small><span class="username" data-name="AquaticPanic">AquaticPanic</span>:</strong> <em>curse goodra huh</em></div><div class="spacer battle-history"><br></div><div class="battle-history">The opposing Feather used <strong>Knock Off</strong>!<br></div><div class="battle-history"><small>(Goodra lost 16% of its health!)</small><br></div><div class="battle-history"><small>The opposing Feather knocked off Goodra's Black Sludge!</small><br></div><div class="spacer battle-history"><br></div><div class="battle-history">Goodra used <strong>Earthquake</strong>!<br></div><div class="battle-history"><small>It's super effective!</small><br></div><div class="battle-history"><small>(The opposing Feather lost 76% of its health!)</small><br></div><div class="spacer battle-history"><br></div><h2 class="battle-history">Turn 11</h2><div class="chat chatmessage-gekokeso"><strong style="color:#9b940e"><small>+</small><span class="username" data-name="Gekokeso">Gekokeso</span>:</strong> <em>I can feel it</em></div><div class="chat chatmessage-piikiki4"><strong style="color:#0ea80c"><small>~</small><span class="username" data-name="piikiki4">piikiki4</span>:</strong> <em>8 gourgillion crits you mean</em></div><div class="chat chatmessage-zcopen"><strong style="color:#226dd7"><small>+</small><span class="username" data-name="ZCopen">ZCopen</span>:</strong> <em>THREE GOURGILLION CRITS</em></div><div class="chat chatmessage-stickyfingaa"><strong style="color:#e76311"><small>+</small><span class="username" data-name="Sticky Fingaa">Sticky Fingaa</span>:</strong> <em>pathetic</em></div><div class="spacer battle-history"><br></div><div class="battle-history">The opposing Feather used <strong>Flip Turn</strong>!<br></div><div class="battle-history"><small>It's not very effective...</small><br></div><div class="battle-history"><small>(Goodra lost 8% of its health!)</small><br></div><div class="spacer battle-history"><br></div><div class="battle-history">Earlio2 withdrew Feather!<br></div><div class="battle-history">Earlio2 sent out reflection eternal (<strong>Cresselia</strong>)!<br></div><div class="battle-history"><small>Pointed stones dug into the opposing reflection eternal!</small><br></div><div class="chat"><ul class="utilichart"><li class="result"><span class="col pokemonnamecol" style="white-space: nowrap">Cresselia</span> <span class="col typecol"><img src="https://dragonheaven.herokuapp.com/sprites/types/Fairy.png" alt="Fairy" height="14" width="32"></span> <span style="float: left ; min-height: 26px"><span class="col abilitycol">Levitate / Cloud Nine / Gravitas</span><span class="col abilitycol"></span></span></li><li style="clear: both"></li></ul></div><div class="chat"><ul class="utilichart"><li class="result"><span style="float: left ; min-height: 26px"><span class="col statcol"><em>HP</em><br>120</span> <span class="col statcol"><em>Atk</em><br>70</span> <span class="col statcol"><em>Def</em><br>120</span> <span class="col statcol"><em>SpA</em><br>75</span> <span class="col statcol"><em>SpD</em><br>130</span> <span class="col statcol"><em>Spe</em><br>85</span> </span></li><li style="clear: both"></li></ul></div><div class="spacer battle-history"><br></div><div class="battle-history">Goodra used <strong>Thunder Punch</strong>!<br></div><div class="battle-history"><small>(The opposing reflection eternal lost 27% of its health!)</small><br></div><div class="spacer battle-history"><br></div><h2 class="battle-history">Turn 12</h2><div class="chat chatmessage-zcopen"><strong style="color:#226dd7"><small>+</small><span class="username" data-name="ZCopen">ZCopen</span>:</strong> <em>Femboy penguin DESTROYED by the earth</em></div><div class="chat chatmessage-gekokeso"><strong style="color:#9b940e"><small>+</small><span class="username" data-name="Gekokeso">Gekokeso</span>:</strong> <em>Para</em></div><div class="chat chatmessage-aquaticpanic"><strong style="color:#6152ee"><small>~</small><span class="username" data-name="AquaticPanic">AquaticPanic</span>:</strong> <em>yeah i did</em></div><div class="spacer battle-history"><br></div><div class="battle-history">Earlio2 withdrew reflection eternal!<br></div><div class="battle-history">Earlio2 sent out Feather (<strong>Empoleon</strong>)!<br></div><div class="battle-history"><small>Pointed stones dug into the opposing Feather!</small><br></div><div class="spacer battle-history"><br></div><div class="battle-history">Goodra used <strong>Life Dew</strong>!<br></div><div class="battle-history"><small>Goodra had its HP restored.</small><br></div><div class="spacer battle-history"><br></div><h2 class="battle-history">Turn 13</h2><div class="chat chatmessage-beafcultist"><strong style="color:#3ab7b9"><small>☆</small><span class="username" data-name="Beaf Cultist">Beaf Cultist</span>:</strong> <em>where para</em></div><div class="chat chatmessage-stickyfingaa"><strong style="color:#e76311"><small>+</small><span class="username" data-name="Sticky Fingaa">Sticky Fingaa</span>:</strong> <em>smh the hax</em></div><div class="spacer battle-history"><br></div><div class="battle-history">The opposing Feather used <strong>Knock Off</strong>!<br></div><div class="battle-history"><small>(Goodra lost 9% of its health!)</small><br></div><div class="spacer battle-history"><br></div><div class="battle-history">Goodra used <strong>Thunder Punch</strong>!<br></div><div class="battle-history"><small>It's super effective!</small><br></div><div class="battle-history"><small>(The opposing Feather lost 12% of its health!)</small><br></div><div class="spacer battle-history"><br></div><div class="battle-history">The opposing Feather fainted!<br></div><div class="spacer battle-history"><br></div><div class="battle-history">Earlio2 sent out flowers (<strong>Venusaur</strong>)!<br></div><div class="battle-history"><small>Pointed stones dug into the opposing flowers!</small><br></div><div class="spacer battle-history"><br></div><h2 class="battle-history">Turn 14</h2><div class="chat chatmessage-regicboat"><strong style="color:#7732e7"><small>+</small><span class="username" data-name="regic boat">regic boat</span>:</strong> <em>where para fr</em></div><div class="chat"><small>~scoopapa joined</small></div><div class="spacer battle-history"><br></div><div class="battle-history">Goodra, come back!<br></div><div class="battle-history">Go! <strong>Heatran</strong>!<br></div><div class="battle-history"><small>Pointed stones dug into Heatran!</small><br></div><div class="spacer battle-history"><br></div><div class="battle-history"><small>The opposing flowers's Venusaurite is reacting to the Key Stone!</small><br>The opposing flowers has Mega Evolved into Mega Venusaur!<br></div><div class="chat"><ul class="utilichart"><li class="result"><span class="col pokemonnamecol" style="white-space: nowrap">Venusaur-Mega</span> <span class="col typecol"><img src="https://dragonheaven.herokuapp.com/sprites/types/Grass.png" alt="Grass" height="14" width="32"><img src="https://dragonheaven.herokuapp.com/sprites/types/Poison.png" alt="Poison" height="14" width="32"></span> <span style="float: left ; min-height: 26px"><span class="col abilitycol">Thick Fat</span><span class="col abilitycol"></span></span><span style="float: left ; min-height: 26px"><span class="col statcol"><em>HP</em><br>80</span> <span class="col statcol"><em>Atk</em><br>100</span> <span class="col statcol"><em>Def</em><br>123</span> <span class="col statcol"><em>SpA</em><br>122</span> <span class="col statcol"><em>SpD</em><br>120</span> <span class="col statcol"><em>Spe</em><br>80</span> </span></li><li style="clear: both"></li></ul></div><div class="spacer battle-history"><br></div><div class="battle-history">The opposing flowers used <strong>Leech Seed</strong>!<br></div><div class="battle-history"><small>Heatran was seeded!</small><br></div><div class="spacer battle-history"><br></div><div class="battle-history"><small>Heatran restored a little HP using its Leftovers!</small><br></div><div class="battle-history"><small>Heatran's health is sapped by Leech Seed!</small><br></div><div class="spacer battle-history"><br></div><h2 class="battle-history">Turn 15</h2><div class="chat chatmessage-aquaticpanic"><strong style="color:#6152ee"><small>~</small><span class="username" data-name="AquaticPanic">AquaticPanic</span>:</strong> <em>frog</em></div><div class="chat chatmessage-stickyfingaa"><strong style="color:#e76311"><small>+</small><span class="username" data-name="Sticky Fingaa">Sticky Fingaa</span>:</strong> <em>bad frog</em></div><div class="spacer battle-history"><br></div><div class="battle-history">Heatran, come back!<br></div><div class="battle-history">Go! <strong>Gliscor</strong>!<br></div><div class="battle-history"><small>Pointed stones dug into Gliscor!</small><br></div><div class="spacer battle-history"><br></div><div class="battle-history">Earlio2 withdrew flowers!<br></div><div class="battle-history">Earlio2 sent out Eclipse (<strong>Moltres-Galar</strong>)!<br></div><div class="spacer battle-history"><br></div><div class="battle-history"><small>The opposing Eclipse was hurt by poison!</small><br></div><div class="battle-history"><small>Gliscor was badly poisoned!</small><br></div><div class="spacer battle-history"><br></div><h2 class="battle-history">Turn 16</h2><div class="chat chatmessage-gekokeso"><strong style="color:#9b940e"><small>+</small><span class="username" data-name="Gekokeso">Gekokeso</span>:</strong> <em>362874 gourgillion crits</em></div><div class="chat chatmessage-aquaticpanic"><strong style="color:#6152ee"><small>~</small><span class="username" data-name="AquaticPanic">AquaticPanic</span>:</strong> <em>froggers</em></div><div class="spacer battle-history"><br></div><div class="battle-history">Gliscor used <strong>Knock Off</strong>!<br></div><div class="battle-history"><small>It's not very effective...</small><br></div><div class="battle-history"><small>(The opposing Eclipse lost 10% of its health!)</small><br></div><div class="battle-history"><small>Gliscor knocked off the opposing Eclipse's Heavy-Duty Boots!</small><br></div><div class="spacer battle-history"><br></div><div class="battle-history">The opposing Eclipse used <strong>U-turn</strong>!<br></div><div class="battle-history"><small>It's not very effective...</small><br></div><div class="battle-history"><small>(Gliscor lost 5% of its health!)</small><br></div><div class="spacer battle-history"><br></div><div class="battle-history">The opposing Eclipse went back to Earlio2!<br></div><div class="battle-history">Earlio2 sent out flowers (<strong>Venusaur-Mega</strong>)!<br></div><div class="battle-history"><small>Pointed stones dug into the opposing flowers!</small><br></div><div class="spacer battle-history"><br></div><div class="battle-history">[Gliscor's Poison Heal]<br><small>Gliscor had its HP restored.</small><br></div><div class="spacer battle-history"><br></div><h2 class="battle-history">Turn 17</h2><div class="spacer battle-history"><br></div><div class="battle-history">Gliscor used <strong>Earthquake</strong>!<br></div><div class="battle-history"><small>(The opposing flowers lost 19% of its health!)</small><br></div><div class="spacer battle-history"><br></div><div class="battle-history">The opposing flowers used <strong>Hidden Power</strong>!<br></div><div class="battle-history"><small>(Gliscor lost 18% of its health!)</small><br></div><div class="spacer battle-history"><br></div><div class="battle-history">[Gliscor's Poison Heal]<br><small>Gliscor had its HP restored.</small><br></div><div class="spacer battle-history"><br></div><h2 class="battle-history">Turn 18</h2><div class="spacer battle-history"><br></div><div class="battle-history">Gliscor used <strong>Earthquake</strong>!<br></div><div class="battle-history"><small>(The opposing flowers lost 21% of its health!)</small><br></div><div class="spacer battle-history"><br></div><div class="battle-history">The opposing flowers used <strong>Synthesis</strong>!<br></div><div class="battle-history"><small>The opposing flowers had its HP restored.</small><br></div><div class="spacer battle-history"><br></div><div class="battle-history">[Gliscor's Poison Heal]<br><small>Gliscor had its HP restored.</small><br></div><div class="spacer battle-history"><br></div><h2 class="battle-history">Turn 19</h2><div class="spacer battle-history"><br></div><div class="battle-history">Gliscor used <strong>Earthquake</strong>!<br></div><div class="battle-history"><small>(The opposing flowers lost 20% of its health!)</small><br></div><div class="spacer battle-history"><br></div><div class="battle-history">The opposing flowers used <strong>Leech Seed</strong>!<br></div><div class="battle-history"><small>Gliscor was seeded!</small><br></div><div class="spacer battle-history"><br></div><div class="battle-history"><small>Gliscor's health is sapped by Leech Seed!</small><br></div><div class="battle-history">[Gliscor's Poison Heal]<br><small>Gliscor had its HP restored.</small><br></div><div class="spacer battle-history"><br></div><h2 class="battle-history">Turn 20</h2><div class="spacer battle-history"><br></div><div class="battle-history">Gliscor used <strong>Knock Off</strong>!<br></div><div class="battle-history"><small>(The opposing flowers lost 9% of its health!)</small><br></div><div class="spacer battle-history"><br></div><div class="battle-history">The opposing flowers used <strong>Sludge Bomb</strong>!<br></div><div class="battle-history"><small>It's not very effective...</small><br></div><div class="battle-history"><small>(Gliscor lost 20% of its health!)</small><br></div><div class="spacer battle-history"><br></div><div class="battle-history"><small>Gliscor's health is sapped by Leech Seed!</small><br></div><div class="battle-history">[Gliscor's Poison Heal]<br><small>Gliscor had its HP restored.</small><br></div><div class="spacer battle-history"><br></div><h2 class="battle-history">Turn 21</h2><div class="spacer battle-history"><br></div><div class="battle-history">Gliscor, come back!<br></div><div class="battle-history">Go! <strong>Goodra</strong>!<br></div><div class="battle-history"><small>Pointed stones dug into Goodra!</small><br></div><div class="spacer battle-history"><br></div><div class="battle-history">The opposing flowers used <strong>Sludge Bomb</strong>!<br></div><div class="battle-history"><small>It's not very effective...</small><br></div><div class="battle-history"><small>(Goodra lost 10% of its health!)</small><br></div><div class="spacer battle-history"><br></div><h2 class="battle-history">Turn 22</h2><div class="spacer battle-history"><br></div><div class="battle-history">The opposing flowers used <strong>Leech Seed</strong>!<br></div><div class="battle-history"><small>Goodra was seeded!</small><br></div><div class="spacer battle-history"><br></div><div class="battle-history">Goodra used <strong>Life Dew</strong>!<br></div><div class="battle-history"><small>Goodra had its HP restored.</small><br></div><div class="spacer battle-history"><br></div><div class="battle-history"><small>Goodra's health is sapped by Leech Seed!</small><br></div><div class="spacer battle-history"><br></div><h2 class="battle-history">Turn 23</h2><div class="spacer battle-history"><br></div><div class="battle-history">Earlio2 withdrew flowers!<br></div><div class="battle-history">Earlio2 sent out Modal Soul (<strong>Hoopa-Unbound</strong>)!<br></div><div class="battle-history"><small>Pointed stones dug into the opposing Modal Soul!</small><br></div><div class="chat"><ul class="utilichart"><li class="result"><span class="col pokemonnamecol" style="white-space: nowrap">Hoopa-Unbound</span> <span class="col typecol"><img src="https://dragonheaven.herokuapp.com/sprites/types/Psychic.png" alt="Psychic" height="14" width="32"><img src="https://dragonheaven.herokuapp.com/sprites/types/Dark.png" alt="Dark" height="14" width="32"></span> <span style="float: left ; min-height: 26px"><span class="col abilitycol">Magician / Soul Link</span><span class="col abilitycol"></span></span></li><li style="clear: both"></li></ul></div><div class="chat"><ul class="utilichart"><li class="result"><span style="float: left ; min-height: 26px"><span class="col statcol"><em>HP</em><br>80</span> <span class="col statcol"><em>Atk</em><br>160</span> <span class="col statcol"><em>Def</em><br>60</span> <span class="col statcol"><em>SpA</em><br>170</span> <span class="col statcol"><em>SpD</em><br>130</span> <span class="col statcol"><em>Spe</em><br>80</span> </span></li><li style="clear: both"></li></ul></div><div class="spacer battle-history"><br></div><div class="battle-history">Goodra used <strong>Earthquake</strong>!<br></div><div class="battle-history"><small>(The opposing Modal Soul lost 47% of its health!)</small><br></div><div class="spacer battle-history"><br></div><div class="battle-history"><small>Goodra's health is sapped by Leech Seed!</small><br></div><div class="spacer battle-history"><br></div><h2 class="battle-history">Turn 24</h2><div class="spacer battle-history"><br></div><div class="battle-history">Goodra, come back!<br></div><div class="battle-history">Go! <strong>Buzzwole</strong>!<br></div><div class="battle-history"><small>Pointed stones dug into Buzzwole!</small><br></div><div class="spacer battle-history"><br></div><div class="battle-history">The opposing Modal Soul used <strong>Life Dew</strong>!<br></div><div class="battle-history"><small>The opposing Modal Soul had its HP restored.</small><br></div><div class="spacer battle-history"><br></div><h2 class="battle-history">Turn 25</h2><div class="chat chatmessage-beafcultist"><strong style="color:#3ab7b9"><small>☆</small><span class="username" data-name="Beaf Cultist">Beaf Cultist</span>:</strong> <em>HWAT</em></div><div class="chat chatmessage-zxgzxg"><strong style="color:#8f19ef"><small>+</small><span class="username" data-name="zxgzxg">zxgzxg</span>:</strong> <em>i hate life dew</em></div><div class="chat chatmessage-zxgzxg"><strong style="color:#8f19ef"><small>+</small><span class="username" data-name="zxgzxg">zxgzxg</span>:</strong> <em>so much</em></div><div class="chat chatmessage-piikiki4"><strong style="color:#0ea80c"><small>~</small><span class="username" data-name="piikiki4">piikiki4</span>:</strong> <em>dew the dew</em></div><div class="spacer battle-history"><br></div><div class="battle-history">Earlio2 withdrew Modal Soul!<br></div><div class="battle-history">Earlio2 sent out flowers (<strong>Venusaur-Mega</strong>)!<br></div><div class="battle-history"><small>Pointed stones dug into the opposing flowers!</small><br></div><div class="spacer battle-history"><br></div><div class="battle-history">Buzzwole used <strong>Ice Punch</strong>!<br></div><div class="battle-history"><small>It's super effective!</small><br></div><div class="battle-history"><small>(The opposing flowers lost 29% of its health!)</small><br></div><div class="spacer battle-history"><br></div><h2 class="battle-history">Turn 26</h2><div class="chat chatmessage-zxgzxg"><strong style="color:#8f19ef"><small>+</small><span class="username" data-name="zxgzxg">zxgzxg</span>:</strong> <em>who subbed thos</em></div><div class="chat chatmessage-zcopen"><strong style="color:#226dd7"><small>+</small><span class="username" data-name="ZCopen">ZCopen</span>:</strong> <em>Dont you mean love life dew</em></div><div class="chat chatmessage-aquaticpanic"><strong style="color:#6152ee"><small>~</small><span class="username" data-name="AquaticPanic">AquaticPanic</span>:</strong> <em>idk some moron</em></div><div class="spacer battle-history"><br></div><div class="battle-history">Buzzwole used <strong>Earthquake</strong>!<br></div><div class="battle-history"><small>(The opposing flowers lost 29% of its health!)</small><br></div><div class="spacer battle-history"><br></div><div class="battle-history">The opposing flowers used <strong>Synthesis</strong>!<br></div><div class="battle-history"><small>The opposing flowers had its HP restored.</small><br></div><div class="spacer battle-history"><br></div><h2 class="battle-history">Turn 27</h2><div class="chat chatmessage-stickyfingaa"><strong style="color:#e76311"><small>+</small><span class="username" data-name="Sticky Fingaa">Sticky Fingaa</span>:</strong> <em>where freeze</em></div><div class="chat chatmessage-beafcultist"><strong style="color:#3ab7b9"><small>☆</small><span class="username" data-name="Beaf Cultist">Beaf Cultist</span>:</strong> <em>true</em></div><div class="chat chatmessage-gekokeso"><strong style="color:#9b940e"><small>+</small><span class="username" data-name="Gekokeso">Gekokeso</span>:</strong> <em>Freeze right now</em></div><div class="chat chatmessage-beafcultist"><strong style="color:#3ab7b9"><small>☆</small><span class="username" data-name="Beaf Cultist">Beaf Cultist</span>:</strong> <em>coming up this turn actually</em></div><div class="spacer battle-history"><br></div><div class="battle-history">Buzzwole used <strong>Ice Punch</strong>!<br></div><div class="battle-history"><small>It's super effective!</small><br></div><div class="battle-history"><small>(The opposing flowers lost 33% of its health!)</small><br></div><div class="spacer battle-history"><br></div><div class="battle-history">The opposing flowers used <strong>Leech Seed</strong>!<br></div><div class="battle-history"><small>Buzzwole was seeded!</small><br></div><div class="spacer battle-history"><br></div><div class="battle-history"><small>Buzzwole's health is sapped by Leech Seed!</small><br></div><div class="spacer battle-history"><br></div><h2 class="battle-history">Turn 28</h2><div class="chat chatmessage-beafcultist"><strong style="color:#3ab7b9"><small>☆</small><span class="username" data-name="Beaf Cultist">Beaf Cultist</span>:</strong> <em>L</em></div><div class="chat chatmessage-stickyfingaa"><strong style="color:#e76311"><small>+</small><span class="username" data-name="Sticky Fingaa">Sticky Fingaa</span>:</strong> <em>hax</em></div><div class="chat chatmessage-beafcultist"><strong style="color:#3ab7b9"><small>☆</small><span class="username" data-name="Beaf Cultist">Beaf Cultist</span>:</strong> <em>wasted all my hax in practice</em></div><div class="chat chatmessage-beafcultist"><strong style="color:#3ab7b9"><small>☆</small><span class="username" data-name="Beaf Cultist">Beaf Cultist</span>:</strong> <em>zxg can attest</em></div><div class="chat chatmessage-stickyfingaa"><strong style="color:#e76311"><small>+</small><span class="username" data-name="Sticky Fingaa">Sticky Fingaa</span>:</strong> <em>smh how could earl hax beaf so hard</em></div><div class="spacer battle-history"><br></div><div class="battle-history">Buzzwole, come back!<br></div><div class="battle-history">Go! <strong>Goodra</strong>!<br></div><div class="battle-history"><small>Pointed stones dug into Goodra!</small><br></div><div class="spacer battle-history"><br></div><div class="battle-history">Earlio2 withdrew flowers!<br></div><div class="battle-history">Earlio2 sent out reflection eternal (<strong>Cresselia</strong>)!<br></div><div class="battle-history"><small>Pointed stones dug into the opposing reflection eternal!</small><br></div><div class="spacer battle-history"><br></div><h2 class="battle-history">Turn 29</h2><div class="chat chatmessage-zcopen"><strong style="color:#226dd7"><small>+</small><span class="username" data-name="ZCopen">ZCopen</span>:</strong> <em>Shouldve went chomper</em></div><div class="spacer battle-history"><br></div><div class="battle-history">The opposing reflection eternal used <strong>Trick</strong>!<br></div><div class="battle-history"><small>The opposing reflection eternal switched items with its target!</small><br></div><div class="battle-history"><small>Goodra obtained one Choice Scarf.</small><br></div><div class="spacer battle-history"><br></div><div class="battle-history">Goodra used <strong>Life Dew</strong>!<br></div><div class="battle-history"><small>Goodra had its HP restored.</small><br></div><div class="spacer battle-history"><br></div><h2 class="battle-history">Turn 30</h2><div class="chat chatmessage-beafcultist"><strong style="color:#3ab7b9"><small>☆</small><span class="username" data-name="Beaf Cultist">Beaf Cultist</span>:</strong> <em>what a mon</em></div><div class="spacer battle-history"><br></div><div class="battle-history">Goodra, come back!<br></div><div class="battle-history">Go! ONE GOURGILLION WI (<strong>Gourgeist-Small</strong>)!<br></div><div class="battle-history"><small>Pointed stones dug into ONE GOURGILLION WI!</small><br></div><div class="spacer battle-history"><br></div><div class="battle-history">Earlio2 withdrew reflection eternal!<br></div><div class="battle-history">Earlio2 sent out Horizon (<strong>Dragapult</strong>)!<br></div><div class="battle-history"><small>Pointed stones dug into the opposing Horizon!</small><br></div><div class="spacer battle-history"><br></div><h2 class="battle-history">Turn 31</h2><div class="spacer battle-history"><br></div><div class="battle-history">Earlio2 withdrew Horizon!<br></div><div class="battle-history">Earlio2 sent out reflection eternal (<strong>Cresselia</strong>)!<br></div><div class="battle-history"><small>Pointed stones dug into the opposing reflection eternal!</small><br></div><div class="spacer battle-history"><br></div><div class="battle-history">ONE GOURGILLION WI used <strong>Deafening Shriek</strong>!<br></div><div class="battle-history"><small>(The opposing reflection eternal lost 36% of its health!)</small><br></div><div class="spacer battle-history"><br></div><div class="battle-history">The opposing reflection eternal fainted!<br></div><div class="chat chatmessage-gekokeso"><strong style="color:#9b940e"><small>+</small><span class="username" data-name="Gekokeso">Gekokeso</span>:</strong> <em>Shriek crit time</em></div><div class="spacer battle-history"><br></div><div class="battle-history">Earlio2 sent out Modal Soul (<strong>Hoopa-Unbound</strong>)!<br></div><div class="battle-history"><small>Pointed stones dug into the opposing Modal Soul!</small><br></div><div class="spacer battle-history"><br></div><h2 class="battle-history">Turn 32</h2><div class="chat chatmessage-zcopen"><strong style="color:#226dd7"><small>+</small><span class="username" data-name="ZCopen">ZCopen</span>:</strong> <em>Reveal super luck gourg</em></div><div class="chat chatmessage-aquaticpanic"><strong style="color:#6152ee"><small>~</small><span class="username" data-name="AquaticPanic">AquaticPanic</span>:</strong> <em>i can see why people have their disliking to deafening shrek</em></div><div class="chat chatmessage-piikiki4"><strong style="color:#0ea80c"><small>~</small><span class="username" data-name="piikiki4">piikiki4</span>:</strong> <em>super light power luck gourgeist</em></div><div class="chat chatmessage-aquaticpanic"><strong style="color:#6152ee"><small>~</small><span class="username" data-name="AquaticPanic">AquaticPanic</span>:</strong> <em>dumb move fr</em></div><div class="spacer battle-history"><br></div><div class="battle-history">ONE GOURGILLION WI, come back!<br></div><div class="battle-history">Go! <strong>Buzzwole</strong>!<br></div><div class="battle-history"><small>Pointed stones dug into Buzzwole!</small><br></div><div class="spacer battle-history"><br></div><div class="battle-history">The opposing Modal Soul used <strong>Gunk Shot</strong>!<br></div><div class="battle-history"><small>Buzzwole avoided the attack!</small><br></div><div class="spacer battle-history"><br></div><h2 class="battle-history">Turn 33</h2><div class="chat chatmessage-beafcultist"><strong style="color:#3ab7b9"><small>☆</small><span class="username" data-name="Beaf Cultist">Beaf Cultist</span>:</strong> <em>sorry</em></div><div class="spacer battle-history"><br></div><div class="battle-history">Earlio2 withdrew Modal Soul!<br></div><div class="battle-history">Earlio2 sent out flowers (<strong>Venusaur-Mega</strong>)!<br></div><div class="battle-history"><small>Pointed stones dug into the opposing flowers!</small><br></div><div class="spacer battle-history"><br></div><div class="battle-history">Buzzwole used <strong>Roost</strong>!<br></div><div class="battle-history"><small>Buzzwole had its HP restored.</small><br></div><div class="spacer battle-history"><br></div><h2 class="battle-history">Turn 34</h2><div class="chat chatmessage-zcopen"><strong style="color:#226dd7"><small>+</small><span class="username" data-name="ZCopen">ZCopen</span>:</strong> <em>W</em></div><div class="chat chatmessage-zcopen"><strong style="color:#226dd7"><small>+</small><span class="username" data-name="ZCopen">ZCopen</span>:</strong> <em>Dont say sorry</em></div><div class="chat chatmessage-stickyfingaa"><strong style="color:#e76311"><small>+</small><span class="username" data-name="Sticky Fingaa">Sticky Fingaa</span>:</strong> <em>W</em></div><div class="chat chatmessage-gekokeso"><strong style="color:#9b940e"><small>+</small><span class="username" data-name="Gekokeso">Gekokeso</span>:</strong> <em>Agency miss</em></div><div class="chat chatmessage-earlio2"><strong style="color:#60923a"><small>☆</small><span class="username" data-name="Earlio2">Earlio2</span>:</strong> <em>I will never financially recover</em></div><div class="chat chatmessage-beafcultist"><strong style="color:#3ab7b9"><small>☆</small><span class="username" data-name="Beaf Cultist">Beaf Cultist</span>:</strong> <em>if i say sorry it'll keep happening</em></div><div class="chat chatmessage-beafcultist"><strong style="color:#3ab7b9"><small>☆</small><span class="username" data-name="Beaf Cultist">Beaf Cultist</span>:</strong> <em>tactical</em></div><div class="spacer battle-history"><br></div><div class="battle-history">Buzzwole used <strong>Earthquake</strong>!<br></div><div class="battle-history"><small>(The opposing flowers lost 26% of its health!)</small><br></div><div class="spacer battle-history"><br></div><div class="battle-history">The opposing flowers used <strong>Synthesis</strong>!<br></div><div class="battle-history"><small>The opposing flowers had its HP restored.</small><br></div><div class="spacer battle-history"><br></div><h2 class="battle-history">Turn 35</h2><div class="chat chatmessage-gekokeso"><strong style="color:#9b940e"><small>+</small><span class="username" data-name="Gekokeso">Gekokeso</span>:</strong> <em>Ice punch freeze time</em></div><div class="spacer battle-history"><br></div><div class="battle-history">Buzzwole used <strong>Ice Punch</strong>!<br></div><div class="battle-history"><small>It's super effective!</small><br></div><div class="battle-history"><small>(The opposing flowers lost 32% of its health!)</small><br></div><div class="spacer battle-history"><br></div><div class="battle-history">The opposing flowers used <strong>Synthesis</strong>!<br></div><div class="battle-history"><small>The opposing flowers had its HP restored.</small><br></div><div class="spacer battle-history"><br></div><h2 class="battle-history">Turn 36</h2><div class="spacer battle-history"><br></div><div class="battle-history">Buzzwole, come back!<br></div><div class="battle-history">Go! ONE GOURGILLION WI (<strong>Gourgeist-Small</strong>)!<br></div><div class="battle-history"><small>Pointed stones dug into ONE GOURGILLION WI!</small><br></div><div class="spacer battle-history"><br></div><div class="battle-history">The opposing flowers used <strong>Leech Seed</strong>!<br></div><div class="battle-history"><small>It doesn't affect ONE GOURGILLION WI...</small><br></div><div class="spacer battle-history"><br></div><h2 class="battle-history">Turn 37</h2><div class="chat chatmessage-regicboat"><strong style="color:#7732e7"><small>+</small><span class="username" data-name="regic boat">regic boat</span>:</strong> <em>WI</em></div><div class="chat chatmessage-gekokeso"><strong style="color:#9b940e"><small>+</small><span class="username" data-name="Gekokeso">Gekokeso</span>:</strong> <em>Psychic crit time</em></div><div class="spacer battle-history"><br></div><div class="battle-history">ONE GOURGILLION WI used <strong>Deafening Shriek</strong>!<br></div><div class="battle-history"><small>(The opposing flowers lost 63% of its health!)</small><br></div><div class="battle-history"><small>(Deafening Shriek started on the opposing flowers!)</small><br></div><div class="spacer battle-history"><br></div><div class="battle-history">The opposing flowers used <strong>Sludge Bomb</strong>!<br></div><div class="battle-history"><small>(ONE GOURGILLION WI lost 63% of its health!)</small><br></div><div class="spacer battle-history"><br></div><div class="battle-history">ONE GOURGILLION WI fainted!<br></div><div class="chat chatmessage-zcopen"><strong style="color:#226dd7"><small>+</small><span class="username" data-name="ZCopen">ZCopen</span>:</strong> <em>Just crit everything tbh</em></div><div class="chat chatmessage-gekokeso"><strong style="color:#9b940e"><small>+</small><span class="username" data-name="Gekokeso">Gekokeso</span>:</strong> <em>Ok but fr tho that was one hell of a choke</em></div><div class="spacer battle-history"><br></div><div class="battle-history">Go! <strong>Buzzwole</strong>!<br></div><div class="battle-history"><small>Pointed stones dug into Buzzwole!</small><br></div><div class="spacer battle-history"><br></div><h2 class="battle-history">Turn 38</h2><div class="chat chatmessage-earlio2"><strong style="color:#60923a"><small>☆</small><span class="username" data-name="Earlio2">Earlio2</span>:</strong> <em>wait lmao synth</em></div><div class="chat chatmessage-piikiki4"><strong style="color:#0ea80c"><small>~</small><span class="username" data-name="piikiki4">piikiki4</span>:</strong> <em>all so all 3 things getting nerfed after this didn't do much, nice</em></div><div class="chat chatmessage-earlio2"><strong style="color:#60923a"><small>☆</small><span class="username" data-name="Earlio2">Earlio2</span>:</strong> <em>I forgot about the actual downside of the move cuz it always fuckin ohkoes!</em></div><div class="chat chatmessage-beafcultist"><strong style="color:#3ab7b9"><small>☆</small><span class="username" data-name="Beaf Cultist">Beaf Cultist</span>:</strong> <em>honest</em></div><div class="chat chatmessage-piikiki4"><strong style="color:#0ea80c"><small>~</small><span class="username" data-name="piikiki4">piikiki4</span>:</strong> <em>true</em></div><div class="chat chatmessage-earlio2"><strong style="color:#60923a"><small>☆</small><span class="username" data-name="Earlio2">Earlio2</span>:</strong> <em>what kind of rolls is making ice punch do 32 against this mon</em></div><div class="chat chatmessage-earlio2"><strong style="color:#60923a"><small>☆</small><span class="username" data-name="Earlio2">Earlio2</span>:</strong> <em>but eq only does 26</em></div><div class="chat chatmessage-beafcultist"><strong style="color:#3ab7b9"><small>☆</small><span class="username" data-name="Beaf Cultist">Beaf Cultist</span>:</strong> <em>skill</em></div><div class="chat chatmessage-beafcultist"><strong style="color:#3ab7b9"><small>☆</small><span class="username" data-name="Beaf Cultist">Beaf Cultist</span>:</strong> <em>duh</em></div><div class="spacer battle-history"><br></div><div class="battle-history">Buzzwole used <strong>Ice Punch</strong>!<br></div><div class="battle-history"><small>It's super effective!</small><br></div><div class="battle-history"><small>(The opposing flowers lost 26% of its health!)</small><br></div><div class="spacer battle-history"><br></div><div class="battle-history">The opposing flowers fainted!<br></div><div class="spacer battle-history"><br></div><div class="battle-history">Earlio2 sent out Horizon (<strong>Dragapult</strong>)!<br></div><div class="battle-history"><small>Pointed stones dug into the opposing Horizon!</small><br></div><div class="spacer battle-history"><br></div><h2 class="battle-history">Turn 39</h2><div class="chat chatmessage-aquaticpanic"><strong style="color:#6152ee"><small>~</small><span class="username" data-name="AquaticPanic">AquaticPanic</span>:</strong> <em>i know the answer</em></div><div class="chat chatmessage-regicboat"><strong style="color:#7732e7"><small>+</small><span class="username" data-name="regic boat">regic boat</span>:</strong> <em>skill</em></div><div class="chat chatmessage-zcopen"><strong style="color:#226dd7"><small>+</small><span class="username" data-name="ZCopen">ZCopen</span>:</strong> <em>Reveal av buzz</em></div><div class="chat chatmessage-piikiki4"><strong style="color:#0ea80c"><small>~</small><span class="username" data-name="piikiki4">piikiki4</span>:</strong> <em>av roost buzz</em></div><div class="chat chatmessage-stickyfingaa"><strong style="color:#e76311"><small>+</small><span class="username" data-name="Sticky Fingaa">Sticky Fingaa</span>:</strong> <em>bright powder buzzwole</em></div><div class="chat chatmessage-aquaticpanic"><strong style="color:#6152ee"><small>~</small><span class="username" data-name="AquaticPanic">AquaticPanic</span>:</strong> <em>ice plate buzz</em></div><div class="chat chatmessage-regicboat"><strong style="color:#7732e7"><small>+</small><span class="username" data-name="regic boat">regic boat</span>:</strong> <em>reveal ice plate judgement buzz</em></div><div class="chat chatmessage-earlio2"><strong style="color:#60923a"><small>☆</small><span class="username" data-name="Earlio2">Earlio2</span>:</strong> <em>expert belt buzz???</em></div><div class="chat chatmessage-zcopen"><strong style="color:#226dd7"><small>+</small><span class="username" data-name="ZCopen">ZCopen</span>:</strong> <em>So true</em></div><div class="chat chatmessage-piikiki4"><strong style="color:#0ea80c"><small>~</small><span class="username" data-name="piikiki4">piikiki4</span>:</strong> <em>ice memory multi-attack buzz</em></div><div class="spacer battle-history"><br></div><div class="battle-history">The opposing Horizon used <strong>Draco Meteor</strong>!<br></div><div class="battle-history"><small>(Buzzwole lost 88% of its health!)</small><br></div><div class="battle-history"><small>The opposing Horizon's Sp. Atk fell harshly!</small><br></div><div class="spacer battle-history"><br></div><div class="battle-history">Buzzwole fainted!<br></div><div class="spacer battle-history"><br></div><div class="battle-history">Go! <strong>Goodra</strong>!<br></div><div class="battle-history"><small>Pointed stones dug into Goodra!</small><br></div><div class="spacer battle-history"><br></div><h2 class="battle-history">Turn 40</h2><div class="chat chatmessage-aquaticpanic"><strong style="color:#6152ee"><small>~</small><span class="username" data-name="AquaticPanic">AquaticPanic</span>:</strong> <em>rip mosquito</em></div><div class="spacer battle-history"><br></div><div class="battle-history">Earlio2 withdrew Horizon!<br></div><div class="battle-history">Earlio2 sent out Eclipse (<strong>Moltres-Galar</strong>)!<br></div><div class="battle-history"><small>Pointed stones dug into the opposing Eclipse!</small><br></div><div class="spacer battle-history"><br></div><div class="battle-history">Goodra used <strong>Thunder Punch</strong>!<br></div><div class="battle-history"><small>It's super effective!</small><br></div><div class="battle-history"><small>(The opposing Eclipse lost 60% of its health!)</small><br></div><div class="spacer battle-history"><br></div><div class="battle-history"><small>The opposing Eclipse was hurt by poison!</small><br></div><div class="spacer battle-history"><br></div><div class="battle-history">The opposing Eclipse fainted!<br></div><div class="spacer battle-history"><br></div><div class="battle-history">Earlio2 sent out Modal Soul (<strong>Hoopa-Unbound</strong>)!<br></div><div class="battle-history"><small>Pointed stones dug into the opposing Modal Soul!</small><br></div><div class="spacer battle-history"><br></div><h2 class="battle-history">Turn 41</h2><div class="spacer battle-history"><br></div><div class="battle-history">Goodra used <strong>Thunder Punch</strong>!<br></div><div class="battle-history"><small>A critical hit!</small><br></div><div class="battle-history"><small>(The opposing Modal Soul lost 61% of its health!)</small><br></div><div class="spacer battle-history"><br></div><div class="battle-history">The opposing Modal Soul used <strong>Curse</strong>!<br></div><div class="battle-history"><small>The opposing Modal Soul's Speed fell!</small><br></div><div class="battle-history"><small>The opposing Modal Soul's Attack rose sharply!</small><br></div><div class="battle-history"><small>The opposing Modal Soul's Defense rose!</small><br></div><div class="spacer battle-history"><br></div><h2 class="battle-history">Turn 42</h2><div class="chat chatmessage-earlio2"><strong style="color:#60923a"><small>☆</small><span class="username" data-name="Earlio2">Earlio2</span>:</strong> <em>jesus fucking christ</em></div><div class="chat chatmessage-regicboat"><strong style="color:#7732e7"><small>+</small><span class="username" data-name="regic boat">regic boat</span>:</strong> <em>CRIT</em></div><div class="chat chatmessage-beafcultist"><strong style="color:#3ab7b9"><small>☆</small><span class="username" data-name="Beaf Cultist">Beaf Cultist</span>:</strong> <em>we love to see em</em></div><div class="chat chatmessage-gekokeso"><strong style="color:#9b940e"><small>+</small><span class="username" data-name="Gekokeso">Gekokeso</span>:</strong> <em>Outskilled</em></div><div class="chat chatmessage-zxgzxg"><strong style="color:#8f19ef"><small>+</small><span class="username" data-name="zxgzxg">zxgzxg</span>:</strong> <em>based</em></div><div class="chat chatmessage-earlio2"><strong style="color:#60923a"><small>☆</small><span class="username" data-name="Earlio2">Earlio2</span>:</strong> <em>no I dont</em></div><div class="chat chatmessage-zcopen"><strong style="color:#226dd7"><small>+</small><span class="username" data-name="ZCopen">ZCopen</span>:</strong> <em>GOURGED</em></div><div class="chat chatmessage-earlio2"><strong style="color:#60923a"><small>☆</small><span class="username" data-name="Earlio2">Earlio2</span>:</strong> <em>this game fucking sucks</em></div><div class="chat chatmessage-scoopapa mine"><strong style="color:#569509"><small>~</small><span class="username" data-name="scoopapa">scoopapa</span>:</strong> <em>that's fucking cursed</em></div><div class="spacer battle-history"><br></div><div class="battle-history">Goodra used <strong>Thunder Punch</strong>!<br></div><div class="battle-history"><small>(The opposing Modal Soul lost 15% of its health!)</small><br></div><div class="spacer battle-history"><br></div><div class="battle-history">The opposing Modal Soul fainted!<br></div><div class="chat chatmessage-aquaticpanic"><strong style="color:#6152ee"><small>~</small><span class="username" data-name="AquaticPanic">AquaticPanic</span>:</strong> <em>:monkefication:</em></div><div class="spacer battle-history"><br></div><div class="battle-history">Earlio2 sent out Horizon (<strong>Dragapult</strong>)!<br></div><div class="battle-history"><small>Pointed stones dug into the opposing Horizon!</small><br></div><div class="spacer battle-history"><br></div><h2 class="battle-history">Turn 43</h2><div class="chat chatmessage-piikiki4"><strong style="color:#0ea80c"><small>~</small><span class="username" data-name="piikiki4">piikiki4</span>:</strong> <em>not the double curse life dew mons</em></div><div class="spacer battle-history"><br></div><div class="battle-history">The opposing Horizon used <strong>Shadow Ball</strong>!<br></div><div class="battle-history"><small>(Goodra lost 33% of its health!)</small><br></div><div class="spacer battle-history"><br></div><div class="battle-history">Goodra used <strong>Thunder Punch</strong>!<br></div><div class="battle-history"><small>It's not very effective...</small><br></div><div class="battle-history"><small>(The opposing Horizon lost 16% of its health!)</small><br></div><div class="spacer battle-history"><br></div><h2 class="battle-history">Turn 44</h2><div class="chat chatmessage-zxgzxg"><strong style="color:#8f19ef"><small>+</small><span class="username" data-name="zxgzxg">zxgzxg</span>:</strong> <em>curse goodra to scarf goodra</em></div><div class="chat"><small>+NeonNitroGlycerin joined</small></div><div class="spacer battle-history"><br></div><div class="battle-history">The opposing Horizon used <strong>Shadow Ball</strong>!<br></div><div class="battle-history"><small>(Goodra lost 33% of its health!)</small><br></div><div class="spacer battle-history"><br></div><div class="battle-history">Goodra used <strong>Thunder Punch</strong>!<br></div><div class="battle-history"><small>It's not very effective...</small><br></div><div class="battle-history"><small>(The opposing Horizon lost 19% of its health!)</small><br></div><div class="spacer battle-history"><br></div><h2 class="battle-history">Turn 45</h2><div class="chat chatmessage-zxgzxg"><strong style="color:#8f19ef"><small>+</small><span class="username" data-name="zxgzxg">zxgzxg</span>:</strong> <em>epic</em></div><div class="chat chatmessage-gekokeso"><strong style="color:#9b940e"><small>+</small><span class="username" data-name="Gekokeso">Gekokeso</span>:</strong> <em>Para</em></div><div class="chat chatmessage-regicboat"><strong style="color:#7732e7"><small>+</small><span class="username" data-name="regic boat">regic boat</span>:</strong> <em>para???</em></div><div class="chat chatmessage-earlio2"><strong style="color:#60923a"><small>☆</small><span class="username" data-name="Earlio2">Earlio2</span>:</strong> <em>god</em></div><div class="chat chatmessage-neonnitroglycerin"><strong style="color:#23a944"><small>+</small><span class="username" data-name="NeonNitroGlycerin">NeonNitroGlycerin</span>:</strong> <em>one gourg</em></div><div class="spacer battle-history"><br></div><div class="battle-history">The opposing Horizon used <strong>Shadow Ball</strong>!<br></div><div class="battle-history"><small>(Goodra lost 22% of its health!)</small><br></div><div class="spacer battle-history"><br></div><div class="battle-history">Goodra fainted!<br></div><div class="chat chatmessage-regicboat"><strong style="color:#7732e7"><small>+</small><span class="username" data-name="regic boat">regic boat</span>:</strong> <em>no para</em></div><div class="spacer battle-history"><br></div><div class="battle-history">Go! <strong>Heatran</strong>!<br></div><div class="battle-history"><small>Pointed stones dug into Heatran!</small><br></div><div class="spacer battle-history"><br></div><h2 class="battle-history">Turn 46</h2><div class="chat chatmessage-zxgzxg"><strong style="color:#8f19ef"><small>+</small><span class="username" data-name="zxgzxg">zxgzxg</span>:</strong> <em>there is no god earl</em></div><div class="chat chatmessage-earlio2"><strong style="color:#60923a"><small>☆</small><span class="username" data-name="Earlio2">Earlio2</span>:</strong> <em>I despise this tour</em></div><div class="chat chatmessage-zcopen"><strong style="color:#226dd7"><small>+</small><span class="username" data-name="ZCopen">ZCopen</span>:</strong> <em>Literally gourging</em></div><div class="chat chatmessage-earlio2"><strong style="color:#60923a"><small>☆</small><span class="username" data-name="Earlio2">Earlio2</span>:</strong> <em>literally just</em></div><div class="chat chatmessage-zxgzxg"><strong style="color:#8f19ef"><small>+</small><span class="username" data-name="zxgzxg">zxgzxg</span>:</strong> <em>only gourg</em></div><div class="chat chatmessage-regicboat"><strong style="color:#7732e7"><small>+</small><span class="username" data-name="regic boat">regic boat</span>:</strong> <em>literally gourging</em></div><div class="chat chatmessage-piikiki4"><strong style="color:#0ea80c"><small>~</small><span class="username" data-name="piikiki4">piikiki4</span>:</strong> <em>2 crits wins</em></div><div class="chat chatmessage-neonnitroglycerin"><strong style="color:#23a944"><small>+</small><span class="username" data-name="NeonNitroGlycerin">NeonNitroGlycerin</span>:</strong> <em>gourgin time</em></div><div class="chat chatmessage-zcopen"><strong style="color:#226dd7"><small>+</small><span class="username" data-name="ZCopen">ZCopen</span>:</strong> <em>Sounds like 0-3 to me</em></div><div class="chat chatmessage-earlio2"><strong style="color:#60923a"><small>☆</small><span class="username" data-name="Earlio2">Earlio2</span>:</strong> <em>fuck off copen</em></div><div class="spacer battle-history"><br></div><div class="battle-history">The opposing Horizon used <strong>Shadow Ball</strong>!<br></div><div class="battle-history"><small>(Heatran lost 35% of its health!)</small><br></div><div class="spacer battle-history"><br></div><div class="battle-history">Heatran used <strong>Earth Power</strong>!<br></div><div class="battle-history"><small>(The opposing Horizon lost 16% of its health!)</small><br></div><div class="spacer battle-history"><br></div><div class="battle-history">The opposing Horizon fainted!<br></div><div class="spacer battle-history"><br></div><div class="battle-history"><strong>Beaf Cultist</strong> won the battle!<br></div><div class="chat chatmessage-beafcultist"><strong style="color:#3ab7b9"><small>☆</small><span class="username" data-name="Beaf Cultist">Beaf Cultist</span>:</strong> <em>gg</em></div><div class="chat chatmessage-earlio2"><strong style="color:#60923a"><small>☆</small><span class="username" data-name="Earlio2">Earlio2</span>:</strong> <em>no</em></div><div class="chat chatmessage-zxgzxg"><strong style="color:#8f19ef"><small>+</small><span class="username" data-name="zxgzxg">zxgzxg</span>:</strong> <em>epic win beaf</em></div><div class="chat chatmessage-zcopen"><strong style="color:#226dd7"><small>+</small><span class="username" data-name="ZCopen">ZCopen</span>:</strong> <em>gg</em></div><div class="chat chatmessage-zxgzxg"><strong style="color:#8f19ef"><small>+</small><span class="username" data-name="zxgzxg">zxgzxg</span>:</strong> <em>gg</em></div><div class="chat chatmessage-zcopen"><strong style="color:#226dd7"><small>+</small><span class="username" data-name="ZCopen">ZCopen</span>:</strong> <em>THREE GOURGILLION WINS</em></div><div class="chat chatmessage-zxgzxg"><strong style="color:#8f19ef"><small>+</small><span class="username" data-name="zxgzxg">zxgzxg</span>:</strong> <em>ngl tho</em></div><div class="chat chatmessage-gekokeso"><strong style="color:#9b940e"><small>+</small><span class="username" data-name="Gekokeso">Gekokeso</span>:</strong> <em>Man I should have not doubted beaf</em></div><div class="chat chatmessage-earlio2"><strong style="color:#60923a"><small>☆</small><span class="username" data-name="Earlio2">Earlio2</span>:</strong> <em>I should have clicked dew ig</em></div><div class="chat chatmessage-beafcultist"><strong style="color:#3ab7b9"><small>☆</small><span class="username" data-name="Beaf Cultist">Beaf Cultist</span>:</strong> <em>this fucking goodra set</em></div><div class="chat chatmessage-earlio2"><strong style="color:#60923a"><small>☆</small><span class="username" data-name="Earlio2">Earlio2</span>:</strong> <em>but still</em></div><div class="chat chatmessage-zxgzxg"><strong style="color:#8f19ef"><small>+</small><span class="username" data-name="zxgzxg">zxgzxg</span>:</strong> <em>some of those plays had me like 😫</em></div><div class="chat chatmessage-beafcultist"><strong style="color:#3ab7b9"><small>☆</small><span class="username" data-name="Beaf Cultist">Beaf Cultist</span>:</strong> <em>why does it keep working</em></div><div class="chat chatmessage-gekokeso"><strong style="color:#9b940e"><small>+</small><span class="username" data-name="Gekokeso">Gekokeso</span>:</strong> <em>I thought he was choking</em></div><div class="chat"><small>+NeonNitroGlycerin left</small></div><div class="chat chatmessage-earlio2"><strong style="color:#60923a"><small>☆</small><span class="username" data-name="Earlio2">Earlio2</span>:</strong> <em>yeah beaf that goodra set was so good man. thats why it couldnt 2hko a hoopa</em></div><div class="chat"><small>+ZCopen left</small></div><div class="chat chatmessage-gekokeso"><strong style="color:#9b940e"><small>+</small><span class="username" data-name="Gekokeso">Gekokeso</span>:</strong> <em>But it was all part of the plan</em></div><div class="chat chatmessage-zxgzxg"><strong style="color:#8f19ef"><small>+</small><span class="username" data-name="zxgzxg">zxgzxg</span>:</strong> <em>why did you not curse in front of empo</em></div><div class="chat chatmessage-piikiki4"><strong style="color:#0ea80c"><small>~</small><span class="username" data-name="piikiki4">piikiki4</span>:</strong> <em>yeah for a game that not much hax happened, that was like the worst time it could've happened considering the hoopa set</em></div><div class="chat"><small>+Sticky Fingaa left</small></div><div class="chat chatmessage-zxgzxg"><strong style="color:#8f19ef"><small>+</small><span class="username" data-name="zxgzxg">zxgzxg</span>:</strong> <em>why did you sack buzz for no reason</em></div><div class="chat chatmessage-earlio2"><strong style="color:#60923a"><small>☆</small><span class="username" data-name="Earlio2">Earlio2</span>:</strong> <em>like I am pretty sure I just won there if that crit didnt happen but</em></div><div class="chat chatmessage-gekokeso"><strong style="color:#9b940e"><small>+</small><span class="username" data-name="Gekokeso">Gekokeso</span>:</strong> <em>Zxgzxg I think brun powder Venu?</em></div><div class="chat chatmessage-earlio2"><strong style="color:#60923a"><small>☆</small><span class="username" data-name="Earlio2">Earlio2</span>:</strong> <em>never rewarded amirite</em></div><div class="chat chatmessage-zxgzxg"><strong style="color:#8f19ef"><small>+</small><span class="username" data-name="zxgzxg">zxgzxg</span>:</strong> <em>either way</em></div><div class="chat chatmessage-zxgzxg"><strong style="color:#8f19ef"><small>+</small><span class="username" data-name="zxgzxg">zxgzxg</span>:</strong> <em>gourgin</em></div><div class="chat chatmessage-gekokeso"><strong style="color:#9b940e"><small>+</small><span class="username" data-name="Gekokeso">Gekokeso</span>:</strong> <em>Sacking gourg and buzz may seem like a choke</em></div><div class="chat"><small>~AquaticPanic left</small></div><div class="chat chatmessage-regicboat"><strong style="color:#7732e7"><small>+</small><span class="username" data-name="regic boat">regic boat</span>:</strong> <em>gourgin fr</em></div><div class="chat"><small>+regic boat and +Gekokeso left</small></div><div class="chat chatmessage-piikiki4"><strong style="color:#0ea80c"><small>~</small><span class="username" data-name="piikiki4">piikiki4</span>:</strong> <em>beaf simply knew he would crit and knew that earl was curse duh</em></div><div class="chat chatmessage-earlio2"><strong style="color:#60923a"><small>☆</small><span class="username" data-name="Earlio2">Earlio2</span>:</strong> <em>literally all 2 instances of hax were on my side</em></div><div class="chat chatmessage-earlio2"><strong style="color:#60923a"><small>☆</small><span class="username" data-name="Earlio2">Earlio2</span>:</strong> <em>like imagine if that gunk hit and poisoned</em></div><div class="chat chatmessage-earlio2"><strong style="color:#60923a"><small>☆</small><span class="username" data-name="Earlio2">Earlio2</span>:</strong> <em>that wouldve been crazy</em></div></div><div class="inner-preempt message-log"></div></div></div>
</div>
<script>
let daily = Math.floor(Date.now()/1000/60/60/24);document.write('<script src="https://dragonheaven.herokuapp.com/js/replay-embed.js?version'+daily+'"></'+'script>');
</script>
