<!DOCTYPE html>
<meta charset="utf-8" />
<!-- version 1 -->
<title>[Gen 8] Fusion Evolution UU replay: anaconja vs. analysis geek</title>
<style>
html,body {font-family:Verdana, sans-serif;font-size:10pt;margin:0;padding:0;}body{padding:12px 0;} .battle-log {font-family:Verdana, sans-serif;font-size:10pt;} .battle-log-inline {border:1px solid #AAAAAA;background:#EEF2F5;color:black;max-width:640px;margin:0 auto 80px;padding-bottom:5px;} .battle-log .inner {padding:4px 8px 0px 8px;} .battle-log .inner-preempt {padding:0 8px 4px 8px;} .battle-log .inner-after {margin-top:0.5em;} .battle-log h2 {margin:0.5em -8px;padding:4px 8px;border:1px solid #AAAAAA;background:#E0E7EA;border-left:0;border-right:0;font-family:Verdana, sans-serif;font-size:13pt;} .battle-log .chat {vertical-align:middle;padding:3px 0 3px 0;font-size:8pt;} .battle-log .chat strong {color:#40576A;} .battle-log .chat em {padding:1px 4px 1px 3px;color:#000000;font-style:normal;} .chat.mine {background:rgba(0,0,0,0.05);margin-left:-8px;margin-right:-8px;padding-left:8px;padding-right:8px;} .spoiler {color:#BBBBBB;background:#BBBBBB;padding:0px 3px;} .spoiler:hover, .spoiler:active, .spoiler-shown {color:#000000;background:#E2E2E2;padding:0px 3px;} .spoiler a {color:#BBBBBB;} .spoiler:hover a, .spoiler:active a, .spoiler-shown a {color:#2288CC;} .chat code, .chat .spoiler:hover code, .chat .spoiler:active code, .chat .spoiler-shown code {border:1px solid #C0C0C0;background:#EEEEEE;color:black;padding:0 2px;} .chat .spoiler code {border:1px solid #CCCCCC;background:#CCCCCC;color:#CCCCCC;} .battle-log .rated {padding:3px 4px;} .battle-log .rated strong {color:white;background:#89A;padding:1px 4px;border-radius:4px;} .spacer {margin-top:0.5em;} .message-announce {background:#6688AA;color:white;padding:1px 4px 2px;} .message-announce a, .broadcast-green a, .broadcast-blue a, .broadcast-red a {color:#DDEEFF;} .broadcast-green {background-color:#559955;color:white;padding:2px 4px;} .broadcast-blue {background-color:#6688AA;color:white;padding:2px 4px;} .infobox {border:1px solid #6688AA;padding:2px 4px;} .infobox-limited {max-height:200px;overflow:auto;overflow-x:hidden;} .broadcast-red {background-color:#AA5544;color:white;padding:2px 4px;} .message-learn-canlearn {font-weight:bold;color:#228822;text-decoration:underline;} .message-learn-cannotlearn {font-weight:bold;color:#CC2222;text-decoration:underline;} .message-effect-weak {font-weight:bold;color:#CC2222;} .message-effect-resist {font-weight:bold;color:#6688AA;} .message-effect-immune {font-weight:bold;color:#666666;} .message-learn-list {margin-top:0;margin-bottom:0;} .message-throttle-notice, .message-error {color:#992222;} .message-overflow, .chat small.message-overflow {font-size:0pt;} .message-overflow::before {font-size:9pt;content:'...';} .subtle {color:#3A4A66;}
</style>
<div class="wrapper replay-wrapper" style="max-width:1180px;margin:0 auto">
<input type="hidden" name="replayid" value="dragonheaven-gen8fusionevolutionuu-29" />
<div class="battle"></div><div class="battle-log"></div><div class="replay-controls"></div><div class="replay-controls-2"></div>
<h1 style="font-weight:normal;text-align:center"><strong>[Gen 8] Fusion Evolution UU</strong><br /><a href="http://pokemonshowdown.com/users/anaconja" class="subtle" target="_blank">anaconja</a> vs. <a href="http://pokemonshowdown.com/users/analysisgeek" class="subtle" target="_blank">analysis geek</a></h1>
<script type="text/plain" class="battle-log-data">|j|☆anaconja
|j|☆analysis geek
|t:|1652919968
|player|p1|anaconja|shelly|
|player|p2|analysis geek|riley|
|teamsize|p1|6
|teamsize|p2|6
|gametype|singles
|gen|8
|tier|[Gen 8] Fusion Evolution UU
|clearpoke
|poke|p1|Thornbro-Galar, F|
|poke|p1|Slowton, M|
|poke|p1|Arctres-Galar, F|
|poke|p1|Regibee, F|
|poke|p1|Mr. Ace, M|
|poke|p1|Miemie, F|
|poke|p2|Corveot, M|
|poke|p2|Dracolix, F|
|poke|p2|Altarizard, M|
|poke|p2|Kingdeedee, M|
|poke|p2|Ninjacross, F|
|poke|p2|Dredvul, M|
|rule|HP Percentage Mod: HP is shown in percentages
|rule|Endless Battle Clause: Forcing endless battles is banned
|rule|OHKO Clause: OHKO moves are banned
|rule|Evasion Moves Clause: Evasion moves are banned
|rule|Species Clause: Limit one of each Pokémon
|rule|Dynamax Clause: You cannot dynamax
|rule|Sleep Clause Mod: Limit one foe put to sleep
|rule|Z-Move Clause: Z-Moves are banned
|teampreview
|j|+megaspoopy000
|c|☆analysis geek|hf
|c|☆anaconja|you too
|
|t:|1652920033
|start
|switch|p1a: Miemie|Miemie, F|100\/100
|switch|p2a: Ninjacross|Ninjacross, F|100\/100
|-start|p1a: Miemie|typechange|Fighting\/Psychic|[silent]
|raw|<ul class="utilichart"><li class="result"><span class="col pokemonnamecol" style="white-space: nowrap">Miemie<\/span> <span class="col typecol"><img src="https:\/\/dragonheaven.herokuapp.com\/sprites\/types\/Fighting.png" alt="Fighting" height="14" width="32"><img src="https:\/\/dragonheaven.herokuapp.com\/sprites\/types\/Psychic.png" alt="Psychic" height="14" width="32"><\/span> <span style="float: left ; min-height: 26px"><span class="col abilitycol">Natural Heal<\/span><span class="col abilitycol"><\/span><\/span><\/li><li style="clear: both"><\/li><\/ul>
|raw|<ul class="utilichart"><li class="result"><span style="float: left ; min-height: 26px"><span class="col statcol"><em>HP<\/em><br>69<\/span> <span class="col statcol"><em>Atk<\/em><br>109<\/span> <span class="col statcol"><em>Def<\/em><br>72<\/span> <span class="col statcol"><em>SpA<\/em><br>109<\/span> <span class="col statcol"><em>SpD<\/em><br>72<\/span> <span class="col statcol"><em>Spe<\/em><br>122<\/span> <\/span><\/li><li style="clear: both"><\/li><\/ul>
|-start|p2a: Ninjacross|typechange|Bug\/Fighting|[silent]
|raw|<ul class="utilichart"><li class="result"><span class="col pokemonnamecol" style="white-space: nowrap">Ninjacross<\/span> <span class="col typecol"><img src="https:\/\/dragonheaven.herokuapp.com\/sprites\/types\/Bug.png" alt="Bug" height="14" width="32"><img src="https:\/\/dragonheaven.herokuapp.com\/sprites\/types\/Fighting.png" alt="Fighting" height="14" width="32"><\/span> <span style="float: left ; min-height: 26px"><span class="col abilitycol">Speedy<\/span><span class="col abilitycol"><\/span><\/span><\/li><li style="clear: both"><\/li><\/ul>
|raw|<ul class="utilichart"><li class="result"><span style="float: left ; min-height: 26px"><span class="col statcol"><em>HP<\/em><br>72<\/span> <span class="col statcol"><em>Atk<\/em><br>117<\/span> <span class="col statcol"><em>Def<\/em><br>60<\/span> <span class="col statcol"><em>SpA<\/em><br>45<\/span> <span class="col statcol"><em>SpD<\/em><br>80<\/span> <span class="col statcol"><em>Spe<\/em><br>142<\/span> <\/span><\/li><li style="clear: both"><\/li><\/ul>
|turn|1
|
|t:|1652920048
|switch|p1a: Regibee|Regibee, F|100\/100
|-start|p1a: Regibee|typechange|Poison\/Steel|[silent]
|raw|<ul class="utilichart"><li class="result"><span class="col pokemonnamecol" style="white-space: nowrap">Regibee<\/span> <span class="col typecol"><img src="https:\/\/dragonheaven.herokuapp.com\/sprites\/types\/Poison.png" alt="Poison" height="14" width="32"><img src="https:\/\/dragonheaven.herokuapp.com\/sprites\/types\/Steel.png" alt="Steel" height="14" width="32"><\/span> <span style="float: left ; min-height: 26px"><span class="col abilitycol">Hivemind<\/span><span class="col abilitycol"><\/span><\/span><\/li><li style="clear: both"><\/li><\/ul>
|raw|<ul class="utilichart"><li class="result"><span style="float: left ; min-height: 26px"><span class="col statcol"><em>HP<\/em><br>86<\/span> <span class="col statcol"><em>Atk<\/em><br>83<\/span> <span class="col statcol"><em>Def<\/em><br>110<\/span> <span class="col statcol"><em>SpA<\/em><br>70<\/span> <span class="col statcol"><em>SpD<\/em><br>115<\/span> <span class="col statcol"><em>Spe<\/em><br>62<\/span> <\/span><\/li><li style="clear: both"><\/li><\/ul>
|switch|p2a: Corveot|Corveot, M|100\/100
|-start|p2a: Corveot|typechange|Steel\/Flying|[silent]
|raw|<ul class="utilichart"><li class="result"><span class="col pokemonnamecol" style="white-space: nowrap">Corveot<\/span> <span class="col typecol"><img src="https:\/\/dragonheaven.herokuapp.com\/sprites\/types\/Steel.png" alt="Steel" height="14" width="32"><img src="https:\/\/dragonheaven.herokuapp.com\/sprites\/types\/Flying.png" alt="Flying" height="14" width="32"><\/span> <span style="float: left ; min-height: 26px"><span class="col abilitycol">Big Pressure<\/span><span class="col abilitycol"><\/span><\/span><\/li><li style="clear: both"><\/li><\/ul>
|raw|<ul class="utilichart"><li class="result"><span style="float: left ; min-height: 26px"><span class="col statcol"><em>HP<\/em><br>95<\/span> <span class="col statcol"><em>Atk<\/em><br>85<\/span> <span class="col statcol"><em>Def<\/em><br>110<\/span> <span class="col statcol"><em>SpA<\/em><br>70<\/span> <span class="col statcol"><em>SpD<\/em><br>80<\/span> <span class="col statcol"><em>Spe<\/em><br>85<\/span> <\/span><\/li><li style="clear: both"><\/li><\/ul>
|-ability|p2a: Corveot|Big Pressure
|
|upkeep
|turn|2
|
|t:|1652920056
|detailschange|p1a: Regibee|Regibee-Mega, F
|-mega|p1a: Regibee|Regibee|Beedrillite
|-start|p1a: Regibee|typechange|Poison\/Steel|[silent]
|raw|<ul class="utilichart"><li class="result"><span class="col pokemonnamecol" style="white-space: nowrap">Regibee-Mega<\/span> <span class="col typecol"><img src="https:\/\/dragonheaven.herokuapp.com\/sprites\/types\/Poison.png" alt="Poison" height="14" width="32"><img src="https:\/\/dragonheaven.herokuapp.com\/sprites\/types\/Steel.png" alt="Steel" height="14" width="32"><\/span> <span style="float: left ; min-height: 26px"><span class="col abilitycol">Adaptability<\/span><span class="col abilitycol"><\/span><\/span><span style="float: left ; min-height: 26px"><span class="col statcol"><em>HP<\/em><br>86<\/span> <span class="col statcol"><em>Atk<\/em><br>143<\/span> <span class="col statcol"><em>Def<\/em><br>110<\/span> <span class="col statcol"><em>SpA<\/em><br>40<\/span> <span class="col statcol"><em>SpD<\/em><br>115<\/span> <span class="col statcol"><em>Spe<\/em><br>132<\/span> <\/span><\/li><li style="clear: both"><\/li><\/ul>
|move|p1a: Regibee|Substitute|p1a: Regibee
|-start|p1a: Regibee|Substitute
|-damage|p1a: Regibee|76\/100
|move|p2a: Corveot|U-turn|p1a: Regibee
|-resisted|p1a: Regibee
|-activate|p1a: Regibee|move: Substitute|[damage]
|
|t:|1652920065
|switch|p2a: Dracolix|Dracolix, F|100\/100|[from]move: U-turn
|-start|p2a: Dracolix|typechange|Dragon\/Ground|[silent]
|raw|<ul class="utilichart"><li class="result"><span class="col pokemonnamecol" style="white-space: nowrap">Dracolix<\/span> <span class="col typecol"><img src="https:\/\/dragonheaven.herokuapp.com\/sprites\/types\/Dragon.png" alt="Dragon" height="14" width="32"><img src="https:\/\/dragonheaven.herokuapp.com\/sprites\/types\/Ground.png" alt="Ground" height="14" width="32"><\/span> <span style="float: left ; min-height: 26px"><span class="col abilitycol">Deluge<\/span><span class="col abilitycol"><\/span><\/span><\/li><li style="clear: both"><\/li><\/ul>
|raw|<ul class="utilichart"><li class="result"><span style="float: left ; min-height: 26px"><span class="col statcol"><em>HP<\/em><br>85<\/span> <span class="col statcol"><em>Atk<\/em><br>90<\/span> <span class="col statcol"><em>Def<\/em><br>170<\/span> <span class="col statcol"><em>SpA<\/em><br>65<\/span> <span class="col statcol"><em>SpD<\/em><br>75<\/span> <span class="col statcol"><em>Spe<\/em><br>60<\/span> <\/span><\/li><li style="clear: both"><\/li><\/ul>
|
|upkeep
|turn|3
|
|t:|1652920071
|move|p1a: Regibee|Iron Head|p2a: Dracolix
|-damage|p2a: Dracolix|73\/100
|cant|p2a: Dracolix|flinch
|
|-heal|p2a: Dracolix|79\/100|[from] item: Leftovers
|upkeep
|turn|4
|
|t:|1652920075
|move|p1a: Regibee|Iron Head|p2a: Dracolix
|-damage|p2a: Dracolix|51\/100
|move|p2a: Dracolix|Earthquake|p1a: Regibee
|-supereffective|p1a: Regibee
|-end|p1a: Regibee|Substitute
|
|-heal|p2a: Dracolix|57\/100|[from] item: Leftovers
|upkeep
|turn|5
|
|t:|1652920082
|switch|p1a: Thornbro-Galar|Thornbro-Galar, F|100\/100
|-start|p1a: Thornbro-Galar|typechange|Grass\/Poison|[silent]
|raw|<ul class="utilichart"><li class="result"><span class="col pokemonnamecol" style="white-space: nowrap">Thornbro-Galar<\/span> <span class="col typecol"><img src="https:\/\/dragonheaven.herokuapp.com\/sprites\/types\/Grass.png" alt="Grass" height="14" width="32"><img src="https:\/\/dragonheaven.herokuapp.com\/sprites\/types\/Poison.png" alt="Poison" height="14" width="32"><\/span> <span style="float: left ; min-height: 26px"><span class="col abilitycol">Prophylaxis<\/span><span class="col abilitycol"><\/span><\/span><\/li><li style="clear: both"><\/li><\/ul>
|raw|<ul class="utilichart"><li class="result"><span style="float: left ; min-height: 26px"><span class="col statcol"><em>HP<\/em><br>104<\/span> <span class="col statcol"><em>Atk<\/em><br>97<\/span> <span class="col statcol"><em>Def<\/em><br>113<\/span> <span class="col statcol"><em>SpA<\/em><br>97<\/span> <span class="col statcol"><em>SpD<\/em><br>93<\/span> <span class="col statcol"><em>Spe<\/em><br>25<\/span> <\/span><\/li><li style="clear: both"><\/li><\/ul>
|move|p2a: Dracolix|Stealth Rock|p1a: Thornbro-Galar
|-sidestart|p1: anaconja|move: Stealth Rock
|
|-heal|p2a: Dracolix|63\/100|[from] item: Leftovers
|upkeep
|turn|6
|j|+zxgzxg
|
|t:|1652920092
|switch|p2a: Kingdeedee|Kingdeedee, M|100\/100
|-start|p2a: Kingdeedee|typechange|Psychic|[silent]
|raw|<ul class="utilichart"><li class="result"><span class="col pokemonnamecol" style="white-space: nowrap">Kingdeedee<\/span> <span class="col typecol"><img src="https:\/\/dragonheaven.herokuapp.com\/sprites\/types\/Psychic.png" alt="Psychic" height="14" width="32"><\/span> <span style="float: left ; min-height: 26px"><span class="col abilitycol">Final Argument<\/span><span class="col abilitycol"><\/span><\/span><\/li><li style="clear: both"><\/li><\/ul>
|raw|<ul class="utilichart"><li class="result"><span style="float: left ; min-height: 26px"><span class="col statcol"><em>HP<\/em><br>90<\/span> <span class="col statcol"><em>Atk<\/em><br>70<\/span> <span class="col statcol"><em>Def<\/em><br>70<\/span> <span class="col statcol"><em>SpA<\/em><br>110<\/span> <span class="col statcol"><em>SpD<\/em><br>115<\/span> <span class="col statcol"><em>Spe<\/em><br>65<\/span> <\/span><\/li><li style="clear: both"><\/li><\/ul>
|-fieldstart|move: Psychic Terrain|[from] ability: Final Argument|[of] p2a: Kingdeedee
|move|p1a: Thornbro-Galar|Sludge Bomb|p2a: Kingdeedee
|-damage|p2a: Kingdeedee|84\/100
|
|-heal|p2a: Kingdeedee|90\/100|[from] item: Leftovers
|upkeep
|turn|7
|
|t:|1652920110
|switch|p1a: Mr. Ace|Mr. Ace, M|100\/100
|-start|p1a: Mr. Ace|typechange|Fire\/Psychic|[silent]
|raw|<ul class="utilichart"><li class="result"><span class="col pokemonnamecol" style="white-space: nowrap">Mr. Ace<\/span> <span class="col typecol"><img src="https:\/\/dragonheaven.herokuapp.com\/sprites\/types\/Fire.png" alt="Fire" height="14" width="32"><img src="https:\/\/dragonheaven.herokuapp.com\/sprites\/types\/Psychic.png" alt="Psychic" height="14" width="32"><\/span> <span style="float: left ; min-height: 26px"><span class="col abilitycol">Sports Showtime<\/span><span class="col abilitycol"><\/span><\/span><\/li><li style="clear: both"><\/li><\/ul>
|raw|<ul class="utilichart"><li class="result"><span style="float: left ; min-height: 26px"><span class="col statcol"><em>HP<\/em><br>80<\/span> <span class="col statcol"><em>Atk<\/em><br>100<\/span> <span class="col statcol"><em>Def<\/em><br>95<\/span> <span class="col statcol"><em>SpA<\/em><br>87<\/span> <span class="col statcol"><em>SpD<\/em><br>95<\/span> <span class="col statcol"><em>Spe<\/em><br>106<\/span> <\/span><\/li><li style="clear: both"><\/li><\/ul>
|move|p2a: Kingdeedee|Teleport|p2a: Kingdeedee
|
|t:|1652920114
|switch|p2a: Ninjacross|Ninjacross, F|100\/100|[from]move: Teleport
|-start|p2a: Ninjacross|typechange|Bug\/Fighting|[silent]
|
|upkeep
|turn|8
|j|+Bobsican
|
|t:|1652920121
|switch|p1a: Thornbro-Galar|Thornbro-Galar, F|100\/100
|-start|p1a: Thornbro-Galar|typechange|Grass\/Poison|[silent]
|-damage|p1a: Thornbro-Galar|88\/100|[from] Stealth Rock
|move|p2a: Ninjacross|Earthquake|p1a: Thornbro-Galar
|-damage|p1a: Thornbro-Galar|62\/100
|
|-heal|p1a: Thornbro-Galar|68\/100|[from] item: Black Sludge
|upkeep
|turn|9
|
|t:|1652920133
|switch|p1a: Mr. Ace|Mr. Ace, M|100\/100
|-start|p1a: Mr. Ace|typechange|Fire\/Psychic|[silent]
|move|p2a: Ninjacross|Earthquake|p1a: Mr. Ace
|-supereffective|p1a: Mr. Ace
|-damage|p1a: Mr. Ace|0 fnt
|faint|p1a: Mr. Ace
|-ability|p2a: Ninjacross|Speedy|boost
|-boost|p2a: Ninjacross|spe|1
|
|upkeep
|c|☆anaconja|why would you do that
|
|t:|1652920144
|switch|p1a: Thornbro-Galar|Thornbro-Galar, F|100\/100
|-damage|p1a: Thornbro-Galar|88\/100|[from] Stealth Rock
|-start|p1a: Thornbro-Galar|typechange|Grass\/Poison|[silent]
|turn|10
|j|+Gekokeso
|
|t:|1652920149
|switch|p2a: Kingdeedee|Kingdeedee, M|90\/100
|-start|p2a: Kingdeedee|typechange|Psychic|[silent]
|move|p1a: Thornbro-Galar|Sludge Bomb|p2a: Kingdeedee
|-damage|p2a: Kingdeedee|73\/100
|-status|p2a: Kingdeedee|psn
|
|-heal|p2a: Kingdeedee|80\/100 psn|[from] item: Leftovers
|-heal|p1a: Thornbro-Galar|94\/100|[from] item: Black Sludge
|-damage|p2a: Kingdeedee|67\/100 psn|[from] psn
|-fieldend|move: Psychic Terrain
|upkeep
|turn|11
|c|+zxgzxg|100000 iq
|c|☆analysis geek|i predicted you to double
|c|+Bobsican|You can (ghosting), but then he'd (ghosting), but you can alternatively (ghosting) to win
|
|t:|1652920163
|switch|p1a: Miemie|Miemie, F|100\/100
|-damage|p1a: Miemie|94\/100|[from] Stealth Rock
|-start|p1a: Miemie|typechange|Fighting\/Psychic|[silent]
|move|p2a: Kingdeedee|Teleport|p2a: Kingdeedee
|
|t:|1652920172
|-fieldstart|move: Psychic Terrain|[from] ability: Final Argument|[of] p2a: Kingdeedee
|switch|p2a: Corveot|Corveot, M|100\/100|[from]move: Teleport
|-start|p2a: Corveot|typechange|Steel\/Flying|[silent]
|-ability|p2a: Corveot|Big Pressure
|
|upkeep
|turn|12
|c|+zxgzxg|timer !
|j|+Sticky Fingaa
|
|t:|1652920189
|switch|p1a: Slowton|Slowton, M|100\/100
|-start|p1a: Slowton|typechange|Poison\/Electric|[silent]
|raw|<ul class="utilichart"><li class="result"><span class="col pokemonnamecol" style="white-space: nowrap">Slowton<\/span> <span class="col typecol"><img src="https:\/\/dragonheaven.herokuapp.com\/sprites\/types\/Poison.png" alt="Poison" height="14" width="32"><img src="https:\/\/dragonheaven.herokuapp.com\/sprites\/types\/Electric.png" alt="Electric" height="14" width="32"><\/span> <span style="float: left ; min-height: 26px"><span class="col abilitycol">Surgeon Eye<\/span><span class="col abilitycol"><\/span><\/span><\/li><li style="clear: both"><\/li><\/ul>
|raw|<ul class="utilichart"><li class="result"><span style="float: left ; min-height: 26px"><span class="col statcol"><em>HP<\/em><br>92<\/span> <span class="col statcol"><em>Atk<\/em><br>62<\/span> <span class="col statcol"><em>Def<\/em><br>97<\/span> <span class="col statcol"><em>SpA<\/em><br>115<\/span> <span class="col statcol"><em>SpD<\/em><br>100<\/span> <span class="col statcol"><em>Spe<\/em><br>50<\/span> <\/span><\/li><li style="clear: both"><\/li><\/ul>
|-damage|p1a: Slowton|88\/100|[from] Stealth Rock
|move|p2a: Corveot|U-turn|p1a: Slowton
|-resisted|p1a: Slowton
|-damage|p1a: Slowton|81\/100
|
|t:|1652920194
|switch|p2a: Altarizard|Altarizard, M|100\/100|[from]move: U-turn
|-start|p2a: Altarizard|typechange|Fire\/Flying|[silent]
|raw|<ul class="utilichart"><li class="result"><span class="col pokemonnamecol" style="white-space: nowrap">Altarizard<\/span> <span class="col typecol"><img src="https:\/\/dragonheaven.herokuapp.com\/sprites\/types\/Fire.png" alt="Fire" height="14" width="32"><img src="https:\/\/dragonheaven.herokuapp.com\/sprites\/types\/Flying.png" alt="Flying" height="14" width="32"><\/span> <span style="float: left ; min-height: 26px"><span class="col abilitycol">Weather Power<\/span><span class="col abilitycol"><\/span><\/span><\/li><li style="clear: both"><\/li><\/ul>
|raw|<ul class="utilichart"><li class="result"><span style="float: left ; min-height: 26px"><span class="col statcol"><em>HP<\/em><br>80<\/span> <span class="col statcol"><em>Atk<\/em><br>81<\/span> <span class="col statcol"><em>Def<\/em><br>84<\/span> <span class="col statcol"><em>SpA<\/em><br>100<\/span> <span class="col statcol"><em>SpD<\/em><br>105<\/span> <span class="col statcol"><em>Spe<\/em><br>101<\/span> <\/span><\/li><li style="clear: both"><\/li><\/ul>
|
|upkeep
|turn|13
|
|t:|1652920204
|detailschange|p2a: Altarizard|Altarizard-Mega-X, M
|-mega|p2a: Altarizard|Altarizard|Charizardite X
|-start|p2a: Altarizard|typechange|Fire\/Dragon|[silent]
|raw|<ul class="utilichart"><li class="result"><span class="col pokemonnamecol" style="white-space: nowrap">Altarizard-Mega-X<\/span> <span class="col typecol"><img src="https:\/\/dragonheaven.herokuapp.com\/sprites\/types\/Fire.png" alt="Fire" height="14" width="32"><img src="https:\/\/dragonheaven.herokuapp.com\/sprites\/types\/Dragon.png" alt="Dragon" height="14" width="32"><\/span> <span style="float: left ; min-height: 26px"><span class="col abilitycol">Tough Claws<\/span><span class="col abilitycol"><\/span><\/span><span style="float: left ; min-height: 26px"><span class="col statcol"><em>HP<\/em><br>80<\/span> <span class="col statcol"><em>Atk<\/em><br>127<\/span> <span class="col statcol"><em>Def<\/em><br>117<\/span> <span class="col statcol"><em>SpA<\/em><br>121<\/span> <span class="col statcol"><em>SpD<\/em><br>105<\/span> <span class="col statcol"><em>Spe<\/em><br>101<\/span> <\/span><\/li><li style="clear: both"><\/li><\/ul>
|move|p2a: Altarizard|Earthquake|p1a: Slowton
|-supereffective|p1a: Slowton
|-damage|p1a: Slowton|0 fnt
|faint|p1a: Slowton
|
|upkeep

|
|t:|1652920212
|switch|p1a: Arctres-Galar|Arctres-Galar, F|100\/100
|-start|p1a: Arctres-Galar|typechange|Fire\/Dark|[silent]
|raw|<ul class="utilichart"><li class="result"><span class="col pokemonnamecol" style="white-space: nowrap">Arctres-Galar<\/span> <span class="col typecol"><img src="https:\/\/dragonheaven.herokuapp.com\/sprites\/types\/Fire.png" alt="Fire" height="14" width="32"><img src="https:\/\/dragonheaven.herokuapp.com\/sprites\/types\/Dark.png" alt="Dark" height="14" width="32"><\/span> <span style="float: left ; min-height: 26px"><span class="col abilitycol">Debilitate<\/span><span class="col abilitycol"><\/span><\/span><\/li><li style="clear: both"><\/li><\/ul>
|raw|<ul class="utilichart"><li class="result"><span style="float: left ; min-height: 26px"><span class="col statcol"><em>HP<\/em><br>90<\/span> <span class="col statcol"><em>Atk<\/em><br>112<\/span> <span class="col statcol"><em>Def<\/em><br>95<\/span> <span class="col statcol"><em>SpA<\/em><br>102<\/span> <span class="col statcol"><em>SpD<\/em><br>105<\/span> <span class="col statcol"><em>Spe<\/em><br>102<\/span> <\/span><\/li><li style="clear: both"><\/li><\/ul>
|-ability|p1a: Arctres-Galar|Debilitate|boost
|-unboost|p2a: Altarizard|spa|1
|turn|14
|c|+zxgzxg|yooooo
|
|t:|1652920221
|move|p1a: Arctres-Galar|Fiery Wrath|p2a: Altarizard
|-damage|p2a: Altarizard|54\/100
|move|p2a: Altarizard|Dragon Dance|p2a: Altarizard
|-boost|p2a: Altarizard|atk|1
|-boost|p2a: Altarizard|spe|1
|
|upkeep
|turn|15
|
|t:|1652920233
|switch|p1a: Thornbro-Galar|Thornbro-Galar, F|100\/100
|-start|p1a: Thornbro-Galar|typechange|Grass\/Poison|[silent]
|-damage|p1a: Thornbro-Galar|88\/100|[from] Stealth Rock
|-ability|p1a: Thornbro-Galar|Prophylaxis
|move|p2a: Altarizard|Earthquake|p1a: Thornbro-Galar
|-damage|p1a: Thornbro-Galar|62\/100
|
|-heal|p1a: Thornbro-Galar|68\/100|[from] item: Black Sludge
|-fieldend|move: Psychic Terrain
|upkeep
|turn|16
|
|t:|1652920240
|move|p2a: Altarizard|Flare Blitz|p1a: Thornbro-Galar
|-supereffective|p1a: Thornbro-Galar
|-crit|p1a: Thornbro-Galar
|-damage|p1a: Thornbro-Galar|0 fnt
|-damage|p2a: Altarizard|23\/100|[from] Recoil
|faint|p1a: Thornbro-Galar
|
|upkeep
|
|t:|1652920243
|switch|p1a: Miemie|Miemie, F|100\/100
|-start|p1a: Miemie|typechange|Fighting\/Psychic|[silent]
|-damage|p1a: Miemie|94\/100|[from] Stealth Rock
|turn|17
|
|t:|1652920249
|move|p1a: Miemie|Close Combat|p2a: Altarizard
|-damage|p2a: Altarizard|0 fnt
|-unboost|p1a: Miemie|def|1
|-unboost|p1a: Miemie|spd|1
|faint|p2a: Altarizard
|
|upkeep
|
|t:|1652920258
|switch|p2a: Ninjacross|Ninjacross, F|100\/100
|-start|p2a: Ninjacross|typechange|Bug\/Fighting|[silent]
|turn|18
|
|t:|1652920264
|move|p1a: Miemie|Close Combat|p2a: Ninjacross
|-resisted|p2a: Ninjacross
|-crit|p2a: Ninjacross
|-damage|p2a: Ninjacross|25\/100
|-unboost|p1a: Miemie|def|1
|-unboost|p1a: Miemie|spd|1
|move|p2a: Ninjacross|Close Combat|p1a: Miemie
|-resisted|p1a: Miemie
|-damage|p1a: Miemie|0 fnt
|-unboost|p2a: Ninjacross|def|1
|-unboost|p2a: Ninjacross|spd|1
|faint|p1a: Miemie
|-ability|p2a: Ninjacross|Speedy|boost
|-boost|p2a: Ninjacross|spe|1
|
|upkeep
|
|t:|1652920267
|switch|p1a: Arctres-Galar|Arctres-Galar, F|100\/100
|-start|p1a: Arctres-Galar|typechange|Fire\/Dark|[silent]
|-ability|p1a: Arctres-Galar|Debilitate|boost
|-unboost|p2a: Ninjacross|spa|1
|turn|19
|
|t:|1652920278
|switch|p2a: Kingdeedee|Kingdeedee, M|67\/100 psn
|-start|p2a: Kingdeedee|typechange|Psychic|[silent]
|-fieldstart|move: Psychic Terrain|[from] ability: Final Argument|[of] p2a: Kingdeedee
|move|p1a: Arctres-Galar|Fiery Wrath|p2a: Kingdeedee
|-supereffective|p2a: Kingdeedee
|-damage|p2a: Kingdeedee|17\/100 psn
|
|-heal|p2a: Kingdeedee|23\/100 psn|[from] item: Leftovers
|-damage|p2a: Kingdeedee|10\/100 psn|[from] psn
|upkeep
|turn|20
|
|t:|1652920288
|move|p1a: Arctres-Galar|Fiery Wrath|p2a: Kingdeedee
|-supereffective|p2a: Kingdeedee
|-damage|p2a: Kingdeedee|0 fnt
|faint|p2a: Kingdeedee
|
|upkeep
|
|t:|1652920295
|switch|p2a: Ninjacross|Ninjacross, F|25\/100
|-start|p2a: Ninjacross|typechange|Bug\/Fighting|[silent]
|turn|21
|
|t:|1652920298
|move|p2a: Ninjacross|Earthquake|p1a: Arctres-Galar
|-supereffective|p1a: Arctres-Galar
|-damage|p1a: Arctres-Galar|0 fnt
|faint|p1a: Arctres-Galar
|-ability|p2a: Ninjacross|Speedy|boost
|-boost|p2a: Ninjacross|spe|1
|
|upkeep
|
|t:|1652920302
|switch|p1a: Regibee|Regibee-Mega, F|76\/100
|-start|p1a: Regibee|typechange|Poison\/Steel|[silent]
|-damage|p1a: Regibee|70\/100|[from] Stealth Rock
|-start|p1a: Regibee|typechange|Poison\/Steel|[silent]
|turn|22
|c|☆analysis geek|gg
|
|t:|1652920306
|move|p2a: Ninjacross|Earthquake|p1a: Regibee
|-supereffective|p1a: Regibee
|-damage|p1a: Regibee|0 fnt
|faint|p1a: Regibee
|
|win|analysis geek
|c|☆anaconja|gg
|c|+zxgzxg|analgeek
|c|+Bobsican|TFW no physical Fighting resist
|c|+Gekokeso|or ground resist
|c|+Bobsican|What no :birbsmart: does to a man
|c|+zxgzxg|he had thornbro no
|c|+Bobsican|Oh yeah
|l|+Sticky Fingaa
|c|+Bobsican|But still 
|l|+Bobsican
|c|+Gekokeso|yeah the no ground resist is more relevant
|l|+zxgzxg
|l|+Gekokeso</script>
</div>
<div class="battle-log battle-log-inline"><div class="inner"><div class="battle-options"><div style="padding-top: 3px; padding-right: 3px; text-align: right"><button class="icon button" name="openBattleOptions" title="Options">Battle Options</button></div></div><div class="inner message-log"><div class="chat"><small>☆anaconja and ☆analysis geek joined</small></div><div class=""><small>Format:</small> <br><strong>[Gen 8] Fusion Evolution UU</strong></div><div class=""><small><em>HP Percentage Mod:</em> HP is shown in percentages</small></div><div class=""><small><em>Endless Battle Clause:</em> Forcing endless battles is banned</small></div><div class=""><small><em>OHKO Clause:</em> OHKO moves are banned</small></div><div class=""><small><em>Evasion Moves Clause:</em> Evasion moves are banned</small></div><div class=""><small><em>Species Clause:</em> Limit one of each Pokémon</small></div><div class=""><small><em>Dynamax Clause:</em> You cannot dynamax</small></div><div class=""><small><em>Sleep Clause Mod:</em> Limit one foe put to sleep</small></div><div class=""><small><em>Z-Move Clause:</em> Z-Moves are banned</small></div><div class="chat battle-history"><strong>anaconja's team:</strong> <em style="color:#445566;display:block;">Thornbro-Galar / Slowton / Arctres-Galar / Regibee / Mr. Ace / Miemie</em></div><div class="chat battle-history"><strong>analysis geek's team:</strong> <em style="color:#445566;display:block;">Corveot / Dracolix / Altarizard / Kingdeedee / Ninjacross / Dredvul</em></div><div class="chat"><small>+megaspoopy000 joined</small></div><div class="chat chatmessage-analysisgeek"><strong style="color:#3e7fb9"><small>☆</small><span class="username" data-name="analysis geek">analysis geek</span>:</strong> <em>hf</em></div><div class="chat chatmessage-anaconja"><strong style="color:#9d24d6"><small>☆</small><span class="username" data-name="anaconja">anaconja</span>:</strong> <em>you too</em></div><div class="spacer battle-history"><br></div><div class="battle-history">Battle started between anaconja and analysis geek!<br></div><div class="spacer battle-history"><br></div><div class="battle-history">Go! <strong>Miemie</strong>!<br></div><div class="spacer battle-history"><br></div><div class="battle-history">analysis geek sent out <strong>Ninjacross</strong>!<br></div><div class="chat"><ul class="utilichart"><li class="result"><span class="col pokemonnamecol" style="white-space: nowrap">Miemie</span> <span class="col typecol"><img src="https://dragonheaven.herokuapp.com/sprites/types/Fighting.png" alt="Fighting" height="14" width="32"><img src="https://dragonheaven.herokuapp.com/sprites/types/Psychic.png" alt="Psychic" height="14" width="32"></span> <span style="float: left ; min-height: 26px"><span class="col abilitycol">Natural Heal</span><span class="col abilitycol"></span></span></li><li style="clear: both"></li></ul></div><div class="chat"><ul class="utilichart"><li class="result"><span style="float: left ; min-height: 26px"><span class="col statcol"><em>HP</em><br>69</span> <span class="col statcol"><em>Atk</em><br>109</span> <span class="col statcol"><em>Def</em><br>72</span> <span class="col statcol"><em>SpA</em><br>109</span> <span class="col statcol"><em>SpD</em><br>72</span> <span class="col statcol"><em>Spe</em><br>122</span> </span></li><li style="clear: both"></li></ul></div><div class="chat"><ul class="utilichart"><li class="result"><span class="col pokemonnamecol" style="white-space: nowrap">Ninjacross</span> <span class="col typecol"><img src="https://dragonheaven.herokuapp.com/sprites/types/Bug.png" alt="Bug" height="14" width="32"><img src="https://dragonheaven.herokuapp.com/sprites/types/Fighting.png" alt="Fighting" height="14" width="32"></span> <span style="float: left ; min-height: 26px"><span class="col abilitycol">Speedy</span><span class="col abilitycol"></span></span></li><li style="clear: both"></li></ul></div><div class="chat"><ul class="utilichart"><li class="result"><span style="float: left ; min-height: 26px"><span class="col statcol"><em>HP</em><br>72</span> <span class="col statcol"><em>Atk</em><br>117</span> <span class="col statcol"><em>Def</em><br>60</span> <span class="col statcol"><em>SpA</em><br>45</span> <span class="col statcol"><em>SpD</em><br>80</span> <span class="col statcol"><em>Spe</em><br>142</span> </span></li><li style="clear: both"></li></ul></div><div class="spacer battle-history"><br></div><h2 class="battle-history">Turn 1</h2><div class="spacer battle-history"><br></div><div class="battle-history">Miemie, come back!<br></div><div class="battle-history">Go! <strong>Regibee</strong>!<br></div><div class="chat"><ul class="utilichart"><li class="result"><span class="col pokemonnamecol" style="white-space: nowrap">Regibee</span> <span class="col typecol"><img src="https://dragonheaven.herokuapp.com/sprites/types/Poison.png" alt="Poison" height="14" width="32"><img src="https://dragonheaven.herokuapp.com/sprites/types/Steel.png" alt="Steel" height="14" width="32"></span> <span style="float: left ; min-height: 26px"><span class="col abilitycol">Hivemind</span><span class="col abilitycol"></span></span></li><li style="clear: both"></li></ul></div><div class="chat"><ul class="utilichart"><li class="result"><span style="float: left ; min-height: 26px"><span class="col statcol"><em>HP</em><br>86</span> <span class="col statcol"><em>Atk</em><br>83</span> <span class="col statcol"><em>Def</em><br>110</span> <span class="col statcol"><em>SpA</em><br>70</span> <span class="col statcol"><em>SpD</em><br>115</span> <span class="col statcol"><em>Spe</em><br>62</span> </span></li><li style="clear: both"></li></ul></div><div class="spacer battle-history"><br></div><div class="battle-history">analysis geek withdrew Ninjacross!<br></div><div class="battle-history">analysis geek sent out <strong>Corveot</strong>!<br></div><div class="chat"><ul class="utilichart"><li class="result"><span class="col pokemonnamecol" style="white-space: nowrap">Corveot</span> <span class="col typecol"><img src="https://dragonheaven.herokuapp.com/sprites/types/Steel.png" alt="Steel" height="14" width="32"><img src="https://dragonheaven.herokuapp.com/sprites/types/Flying.png" alt="Flying" height="14" width="32"></span> <span style="float: left ; min-height: 26px"><span class="col abilitycol">Big Pressure</span><span class="col abilitycol"></span></span></li><li style="clear: both"></li></ul></div><div class="chat"><ul class="utilichart"><li class="result"><span style="float: left ; min-height: 26px"><span class="col statcol"><em>HP</em><br>95</span> <span class="col statcol"><em>Atk</em><br>85</span> <span class="col statcol"><em>Def</em><br>110</span> <span class="col statcol"><em>SpA</em><br>70</span> <span class="col statcol"><em>SpD</em><br>80</span> <span class="col statcol"><em>Spe</em><br>85</span> </span></li><li style="clear: both"></li></ul></div><div class="battle-history">[The opposing Corveot's Big Pressure]<br></div><div class="spacer battle-history"><br></div><h2 class="battle-history">Turn 2</h2><div class="spacer battle-history"><br></div><div class="battle-history"><small>Regibee's Beedrillite is reacting to the Key Stone!</small><br>Regibee has Mega Evolved into Mega Regibee!<br></div><div class="chat"><ul class="utilichart"><li class="result"><span class="col pokemonnamecol" style="white-space: nowrap">Regibee-Mega</span> <span class="col typecol"><img src="https://dragonheaven.herokuapp.com/sprites/types/Poison.png" alt="Poison" height="14" width="32"><img src="https://dragonheaven.herokuapp.com/sprites/types/Steel.png" alt="Steel" height="14" width="32"></span> <span style="float: left ; min-height: 26px"><span class="col abilitycol">Adaptability</span><span class="col abilitycol"></span></span><span style="float: left ; min-height: 26px"><span class="col statcol"><em>HP</em><br>86</span> <span class="col statcol"><em>Atk</em><br>143</span> <span class="col statcol"><em>Def</em><br>110</span> <span class="col statcol"><em>SpA</em><br>40</span> <span class="col statcol"><em>SpD</em><br>115</span> <span class="col statcol"><em>Spe</em><br>132</span> </span></li><li style="clear: both"></li></ul></div><div class="spacer battle-history"><br></div><div class="battle-history">Regibee used <strong>Substitute</strong>!<br></div><div class="battle-history"><small>Regibee put in a substitute!</small><br></div><div class="battle-history"><small>(Regibee lost 24% of its health!)</small><br></div><div class="spacer battle-history"><br></div><div class="battle-history">The opposing Corveot used <strong>U-turn</strong>!<br></div><div class="battle-history"><small>It's not very effective...</small><br></div><div class="battle-history"><small>The substitute took damage for Regibee!</small><br></div><div class="spacer battle-history"><br></div><div class="battle-history">The opposing Corveot went back to analysis geek!<br></div><div class="battle-history">analysis geek sent out <strong>Dracolix</strong>!<br></div><div class="chat"><ul class="utilichart"><li class="result"><span class="col pokemonnamecol" style="white-space: nowrap">Dracolix</span> <span class="col typecol"><img src="https://dragonheaven.herokuapp.com/sprites/types/Dragon.png" alt="Dragon" height="14" width="32"><img src="https://dragonheaven.herokuapp.com/sprites/types/Ground.png" alt="Ground" height="14" width="32"></span> <span style="float: left ; min-height: 26px"><span class="col abilitycol">Deluge</span><span class="col abilitycol"></span></span></li><li style="clear: both"></li></ul></div><div class="chat"><ul class="utilichart"><li class="result"><span style="float: left ; min-height: 26px"><span class="col statcol"><em>HP</em><br>85</span> <span class="col statcol"><em>Atk</em><br>90</span> <span class="col statcol"><em>Def</em><br>170</span> <span class="col statcol"><em>SpA</em><br>65</span> <span class="col statcol"><em>SpD</em><br>75</span> <span class="col statcol"><em>Spe</em><br>60</span> </span></li><li style="clear: both"></li></ul></div><div class="spacer battle-history"><br></div><h2 class="battle-history">Turn 3</h2><div class="spacer battle-history"><br></div><div class="battle-history">Regibee used <strong>Iron Head</strong>!<br></div><div class="battle-history"><small>(The opposing Dracolix lost 27% of its health!)</small><br></div><div class="spacer battle-history"><br></div><div class="battle-history">The opposing Dracolix flinched and couldn't move!<br></div><div class="spacer battle-history"><br></div><div class="battle-history"><small>The opposing Dracolix restored a little HP using its Leftovers!</small><br></div><div class="spacer battle-history"><br></div><h2 class="battle-history">Turn 4</h2><div class="spacer battle-history"><br></div><div class="battle-history">Regibee used <strong>Iron Head</strong>!<br></div><div class="battle-history"><small>(The opposing Dracolix lost 28% of its health!)</small><br></div><div class="spacer battle-history"><br></div><div class="battle-history">The opposing Dracolix used <strong>Earthquake</strong>!<br></div><div class="battle-history"><small>It's super effective!</small><br></div><div class="battle-history"><small>Regibee's substitute faded!</small><br></div><div class="spacer battle-history"><br></div><div class="battle-history"><small>The opposing Dracolix restored a little HP using its Leftovers!</small><br></div><div class="spacer battle-history"><br></div><h2 class="battle-history">Turn 5</h2><div class="spacer battle-history"><br></div><div class="battle-history">Regibee, come back!<br></div><div class="battle-history">Go! <strong>Thornbro-Galar</strong>!<br></div><div class="chat"><ul class="utilichart"><li class="result"><span class="col pokemonnamecol" style="white-space: nowrap">Thornbro-Galar</span> <span class="col typecol"><img src="https://dragonheaven.herokuapp.com/sprites/types/Grass.png" alt="Grass" height="14" width="32"><img src="https://dragonheaven.herokuapp.com/sprites/types/Poison.png" alt="Poison" height="14" width="32"></span> <span style="float: left ; min-height: 26px"><span class="col abilitycol">Prophylaxis</span><span class="col abilitycol"></span></span></li><li style="clear: both"></li></ul></div><div class="chat"><ul class="utilichart"><li class="result"><span style="float: left ; min-height: 26px"><span class="col statcol"><em>HP</em><br>104</span> <span class="col statcol"><em>Atk</em><br>97</span> <span class="col statcol"><em>Def</em><br>113</span> <span class="col statcol"><em>SpA</em><br>97</span> <span class="col statcol"><em>SpD</em><br>93</span> <span class="col statcol"><em>Spe</em><br>25</span> </span></li><li style="clear: both"></li></ul></div><div class="spacer battle-history"><br></div><div class="battle-history">The opposing Dracolix used <strong>Stealth Rock</strong>!<br></div><div class="battle-history"><small>Pointed stones float in the air around your team!</small><br></div><div class="spacer battle-history"><br></div><div class="battle-history"><small>The opposing Dracolix restored a little HP using its Leftovers!</small><br></div><div class="spacer battle-history"><br></div><h2 class="battle-history">Turn 6</h2><div class="chat"><small>+zxgzxg joined</small></div><div class="spacer battle-history"><br></div><div class="battle-history">analysis geek withdrew Dracolix!<br></div><div class="battle-history">analysis geek sent out <strong>Kingdeedee</strong>!<br></div><div class="chat"><ul class="utilichart"><li class="result"><span class="col pokemonnamecol" style="white-space: nowrap">Kingdeedee</span> <span class="col typecol"><img src="https://dragonheaven.herokuapp.com/sprites/types/Psychic.png" alt="Psychic" height="14" width="32"></span> <span style="float: left ; min-height: 26px"><span class="col abilitycol">Final Argument</span><span class="col abilitycol"></span></span></li><li style="clear: both"></li></ul></div><div class="chat"><ul class="utilichart"><li class="result"><span style="float: left ; min-height: 26px"><span class="col statcol"><em>HP</em><br>90</span> <span class="col statcol"><em>Atk</em><br>70</span> <span class="col statcol"><em>Def</em><br>70</span> <span class="col statcol"><em>SpA</em><br>110</span> <span class="col statcol"><em>SpD</em><br>115</span> <span class="col statcol"><em>Spe</em><br>65</span> </span></li><li style="clear: both"></li></ul></div><div class="battle-history">[The opposing Kingdeedee's Final Argument]<br><small>The battlefield got weird!</small><br></div><div class="spacer battle-history"><br></div><div class="battle-history">Thornbro-Galar used <strong>Sludge Bomb</strong>!<br></div><div class="battle-history"><small>(The opposing Kingdeedee lost 16% of its health!)</small><br></div><div class="spacer battle-history"><br></div><div class="battle-history"><small>The opposing Kingdeedee restored a little HP using its Leftovers!</small><br></div><div class="spacer battle-history"><br></div><h2 class="battle-history">Turn 7</h2><div class="spacer battle-history"><br></div><div class="battle-history">Thornbro-Galar, come back!<br></div><div class="battle-history">Go! <strong>Mr. Ace</strong>!<br></div><div class="chat"><ul class="utilichart"><li class="result"><span class="col pokemonnamecol" style="white-space: nowrap">Mr. Ace</span> <span class="col typecol"><img src="https://dragonheaven.herokuapp.com/sprites/types/Fire.png" alt="Fire" height="14" width="32"><img src="https://dragonheaven.herokuapp.com/sprites/types/Psychic.png" alt="Psychic" height="14" width="32"></span> <span style="float: left ; min-height: 26px"><span class="col abilitycol">Sports Showtime</span><span class="col abilitycol"></span></span></li><li style="clear: both"></li></ul></div><div class="chat"><ul class="utilichart"><li class="result"><span style="float: left ; min-height: 26px"><span class="col statcol"><em>HP</em><br>80</span> <span class="col statcol"><em>Atk</em><br>100</span> <span class="col statcol"><em>Def</em><br>95</span> <span class="col statcol"><em>SpA</em><br>87</span> <span class="col statcol"><em>SpD</em><br>95</span> <span class="col statcol"><em>Spe</em><br>106</span> </span></li><li style="clear: both"></li></ul></div><div class="spacer battle-history"><br></div><div class="battle-history">The opposing Kingdeedee used <strong>Teleport</strong>!<br></div><div class="spacer battle-history"><br></div><div class="battle-history">analysis geek withdrew Kingdeedee!<br></div><div class="battle-history">analysis geek sent out <strong>Ninjacross</strong>!<br></div><div class="spacer battle-history"><br></div><h2 class="battle-history">Turn 8</h2><div class="chat"><small>+Bobsican joined</small></div><div class="spacer battle-history"><br></div><div class="battle-history">Mr. Ace, come back!<br></div><div class="battle-history">Go! <strong>Thornbro-Galar</strong>!<br></div><div class="battle-history"><small>Pointed stones dug into Thornbro-Galar!</small><br></div><div class="spacer battle-history"><br></div><div class="battle-history">The opposing Ninjacross used <strong>Earthquake</strong>!<br></div><div class="battle-history"><small>(Thornbro-Galar lost 26% of its health!)</small><br></div><div class="spacer battle-history"><br></div><div class="battle-history"><small>Thornbro-Galar restored a little HP using its Black Sludge!</small><br></div><div class="spacer battle-history"><br></div><h2 class="battle-history">Turn 9</h2><div class="spacer battle-history"><br></div><div class="battle-history">Thornbro-Galar, come back!<br></div><div class="battle-history">Go! <strong>Mr. Ace</strong>!<br></div><div class="spacer battle-history"><br></div><div class="battle-history">The opposing Ninjacross used <strong>Earthquake</strong>!<br></div><div class="battle-history"><small>It's super effective!</small><br></div><div class="battle-history"><small>(Mr. Ace lost 100% of its health!)</small><br></div><div class="spacer battle-history"><br></div><div class="battle-history">Mr. Ace fainted!<br></div><div class="battle-history">[The opposing Ninjacross's Speedy]<br></div><div class="battle-history"><small>The opposing Ninjacross's Speed rose!</small><br></div><div class="chat chatmessage-anaconja"><strong style="color:#9d24d6"><small>☆</small><span class="username" data-name="anaconja">anaconja</span>:</strong> <em>why would you do that</em></div><div class="spacer battle-history"><br></div><div class="battle-history">Go! <strong>Thornbro-Galar</strong>!<br></div><div class="battle-history"><small>Pointed stones dug into Thornbro-Galar!</small><br></div><div class="spacer battle-history"><br></div><h2 class="battle-history">Turn 10</h2><div class="chat"><small>+Gekokeso joined</small></div><div class="spacer battle-history"><br></div><div class="battle-history">analysis geek withdrew Ninjacross!<br></div><div class="battle-history">analysis geek sent out <strong>Kingdeedee</strong>!<br></div><div class="spacer battle-history"><br></div><div class="battle-history">Thornbro-Galar used <strong>Sludge Bomb</strong>!<br></div><div class="battle-history"><small>(The opposing Kingdeedee lost 17% of its health!)</small><br></div><div class="battle-history"><small>The opposing Kingdeedee was poisoned!</small><br></div><div class="spacer battle-history"><br></div><div class="battle-history"><small>The opposing Kingdeedee restored a little HP using its Leftovers!</small><br></div><div class="battle-history"><small>Thornbro-Galar restored a little HP using its Black Sludge!</small><br></div><div class="battle-history"><small>The opposing Kingdeedee was hurt by poison!</small><br></div><div class="battle-history"><small>The weirdness disappeared from the battlefield!</small><br></div><div class="spacer battle-history"><br></div><h2 class="battle-history">Turn 11</h2><div class="chat chatmessage-zxgzxg"><strong style="color:#8f19ef"><small>+</small><span class="username" data-name="zxgzxg">zxgzxg</span>:</strong> <em>100000 iq</em></div><div class="chat chatmessage-analysisgeek"><strong style="color:#3e7fb9"><small>☆</small><span class="username" data-name="analysis geek">analysis geek</span>:</strong> <em>i predicted you to double</em></div><div class="chat chatmessage-bobsican"><strong style="color:#b30ed8"><small>+</small><span class="username" data-name="Bobsican">Bobsican</span>:</strong> <em>You can (ghosting), but then he'd (ghosting), but you can alternatively (ghosting) to win</em></div><div class="spacer battle-history"><br></div><div class="battle-history">Thornbro-Galar, come back!<br></div><div class="battle-history">Go! <strong>Miemie</strong>!<br></div><div class="battle-history"><small>Pointed stones dug into Miemie!</small><br></div><div class="spacer battle-history"><br></div><div class="battle-history">The opposing Kingdeedee used <strong>Teleport</strong>!<br></div><div class="spacer battle-history"><br></div><div class="battle-history">[The opposing Kingdeedee's Final Argument]<br><small>The battlefield got weird!</small><br></div><div class="spacer battle-history"><br></div><div class="battle-history">analysis geek withdrew Kingdeedee!<br></div><div class="battle-history">analysis geek sent out <strong>Corveot</strong>!<br></div><div class="battle-history">[The opposing Corveot's Big Pressure]<br></div><div class="spacer battle-history"><br></div><h2 class="battle-history">Turn 12</h2><div class="chat chatmessage-zxgzxg"><strong style="color:#8f19ef"><small>+</small><span class="username" data-name="zxgzxg">zxgzxg</span>:</strong> <em>timer !</em></div><div class="chat"><small>+Sticky Fingaa joined</small></div><div class="spacer battle-history"><br></div><div class="battle-history">Miemie, come back!<br></div><div class="battle-history">Go! <strong>Slowton</strong>!<br></div><div class="chat"><ul class="utilichart"><li class="result"><span class="col pokemonnamecol" style="white-space: nowrap">Slowton</span> <span class="col typecol"><img src="https://dragonheaven.herokuapp.com/sprites/types/Poison.png" alt="Poison" height="14" width="32"><img src="https://dragonheaven.herokuapp.com/sprites/types/Electric.png" alt="Electric" height="14" width="32"></span> <span style="float: left ; min-height: 26px"><span class="col abilitycol">Surgeon Eye</span><span class="col abilitycol"></span></span></li><li style="clear: both"></li></ul></div><div class="chat"><ul class="utilichart"><li class="result"><span style="float: left ; min-height: 26px"><span class="col statcol"><em>HP</em><br>92</span> <span class="col statcol"><em>Atk</em><br>62</span> <span class="col statcol"><em>Def</em><br>97</span> <span class="col statcol"><em>SpA</em><br>115</span> <span class="col statcol"><em>SpD</em><br>100</span> <span class="col statcol"><em>Spe</em><br>50</span> </span></li><li style="clear: both"></li></ul></div><div class="battle-history"><small>Pointed stones dug into Slowton!</small><br></div><div class="spacer battle-history"><br></div><div class="battle-history">The opposing Corveot used <strong>U-turn</strong>!<br></div><div class="battle-history"><small>It's not very effective...</small><br></div><div class="battle-history"><small>(Slowton lost 7% of its health!)</small><br></div><div class="spacer battle-history"><br></div><div class="battle-history">The opposing Corveot went back to analysis geek!<br></div><div class="battle-history">analysis geek sent out <strong>Altarizard</strong>!<br></div><div class="chat"><ul class="utilichart"><li class="result"><span class="col pokemonnamecol" style="white-space: nowrap">Altarizard</span> <span class="col typecol"><img src="https://dragonheaven.herokuapp.com/sprites/types/Fire.png" alt="Fire" height="14" width="32"><img src="https://dragonheaven.herokuapp.com/sprites/types/Flying.png" alt="Flying" height="14" width="32"></span> <span style="float: left ; min-height: 26px"><span class="col abilitycol">Weather Power</span><span class="col abilitycol"></span></span></li><li style="clear: both"></li></ul></div><div class="chat"><ul class="utilichart"><li class="result"><span style="float: left ; min-height: 26px"><span class="col statcol"><em>HP</em><br>80</span> <span class="col statcol"><em>Atk</em><br>81</span> <span class="col statcol"><em>Def</em><br>84</span> <span class="col statcol"><em>SpA</em><br>100</span> <span class="col statcol"><em>SpD</em><br>105</span> <span class="col statcol"><em>Spe</em><br>101</span> </span></li><li style="clear: both"></li></ul></div><div class="spacer battle-history"><br></div><h2 class="battle-history">Turn 13</h2><div class="spacer battle-history"><br></div><div class="battle-history"><small>The opposing Altarizard's Charizardite X is reacting to the Key Stone!</small><br>The opposing Altarizard has Mega Evolved into Mega Altarizard!<br></div><div class="chat"><ul class="utilichart"><li class="result"><span class="col pokemonnamecol" style="white-space: nowrap">Altarizard-Mega-X</span> <span class="col typecol"><img src="https://dragonheaven.herokuapp.com/sprites/types/Fire.png" alt="Fire" height="14" width="32"><img src="https://dragonheaven.herokuapp.com/sprites/types/Dragon.png" alt="Dragon" height="14" width="32"></span> <span style="float: left ; min-height: 26px"><span class="col abilitycol">Tough Claws</span><span class="col abilitycol"></span></span><span style="float: left ; min-height: 26px"><span class="col statcol"><em>HP</em><br>80</span> <span class="col statcol"><em>Atk</em><br>127</span> <span class="col statcol"><em>Def</em><br>117</span> <span class="col statcol"><em>SpA</em><br>121</span> <span class="col statcol"><em>SpD</em><br>105</span> <span class="col statcol"><em>Spe</em><br>101</span> </span></li><li style="clear: both"></li></ul></div><div class="spacer battle-history"><br></div><div class="battle-history">The opposing Altarizard used <strong>Earthquake</strong>!<br></div><div class="battle-history"><small>It's super effective!</small><br></div><div class="battle-history"><small>(Slowton lost 81% of its health!)</small><br></div><div class="spacer battle-history"><br></div><div class="battle-history">Slowton fainted!<br></div><div class="spacer battle-history"><br></div><div class="battle-history">Go! <strong>Arctres-Galar</strong>!<br></div><div class="chat"><ul class="utilichart"><li class="result"><span class="col pokemonnamecol" style="white-space: nowrap">Arctres-Galar</span> <span class="col typecol"><img src="https://dragonheaven.herokuapp.com/sprites/types/Fire.png" alt="Fire" height="14" width="32"><img src="https://dragonheaven.herokuapp.com/sprites/types/Dark.png" alt="Dark" height="14" width="32"></span> <span style="float: left ; min-height: 26px"><span class="col abilitycol">Debilitate</span><span class="col abilitycol"></span></span></li><li style="clear: both"></li></ul></div><div class="chat"><ul class="utilichart"><li class="result"><span style="float: left ; min-height: 26px"><span class="col statcol"><em>HP</em><br>90</span> <span class="col statcol"><em>Atk</em><br>112</span> <span class="col statcol"><em>Def</em><br>95</span> <span class="col statcol"><em>SpA</em><br>102</span> <span class="col statcol"><em>SpD</em><br>105</span> <span class="col statcol"><em>Spe</em><br>102</span> </span></li><li style="clear: both"></li></ul></div><div class="battle-history">[Arctres-Galar's Debilitate]<br></div><div class="battle-history"><small>The opposing Altarizard's Sp. Atk fell!</small><br></div><div class="spacer battle-history"><br></div><h2 class="battle-history">Turn 14</h2><div class="chat chatmessage-zxgzxg"><strong style="color:#8f19ef"><small>+</small><span class="username" data-name="zxgzxg">zxgzxg</span>:</strong> <em>yooooo</em></div><div class="spacer battle-history"><br></div><div class="battle-history">Arctres-Galar used <strong>Fiery Wrath</strong>!<br></div><div class="battle-history"><small>(The opposing Altarizard lost 46% of its health!)</small><br></div><div class="spacer battle-history"><br></div><div class="battle-history">The opposing Altarizard used <strong>Dragon Dance</strong>!<br></div><div class="battle-history"><small>The opposing Altarizard's Attack rose!</small><br></div><div class="battle-history"><small>The opposing Altarizard's Speed rose!</small><br></div><div class="spacer battle-history"><br></div><h2 class="battle-history">Turn 15</h2><div class="spacer battle-history"><br></div><div class="battle-history">Arctres-Galar, come back!<br></div><div class="battle-history">Go! <strong>Thornbro-Galar</strong>!<br></div><div class="battle-history"><small>Pointed stones dug into Thornbro-Galar!</small><br></div><div class="battle-history">[Thornbro-Galar's Prophylaxis]<br></div><div class="spacer battle-history"><br></div><div class="battle-history">The opposing Altarizard used <strong>Earthquake</strong>!<br></div><div class="battle-history"><small>(Thornbro-Galar lost 26% of its health!)</small><br></div><div class="spacer battle-history"><br></div><div class="battle-history"><small>Thornbro-Galar restored a little HP using its Black Sludge!</small><br></div><div class="battle-history"><small>The weirdness disappeared from the battlefield!</small><br></div><div class="spacer battle-history"><br></div><h2 class="battle-history">Turn 16</h2><div class="spacer battle-history"><br></div><div class="battle-history">The opposing Altarizard used <strong>Flare Blitz</strong>!<br></div><div class="battle-history"><small>It's super effective!</small><br></div><div class="battle-history"><small>A critical hit!</small><br></div><div class="battle-history"><small>(Thornbro-Galar lost 68% of its health!)</small><br></div><div class="battle-history"><small>The opposing Altarizard was damaged by the recoil!</small><br></div><div class="spacer battle-history"><br></div><div class="battle-history">Thornbro-Galar fainted!<br></div><div class="spacer battle-history"><br></div><div class="battle-history">Go! <strong>Miemie</strong>!<br></div><div class="battle-history"><small>Pointed stones dug into Miemie!</small><br></div><div class="spacer battle-history"><br></div><h2 class="battle-history">Turn 17</h2><div class="spacer battle-history"><br></div><div class="battle-history">Miemie used <strong>Close Combat</strong>!<br></div><div class="battle-history"><small>(The opposing Altarizard lost 23% of its health!)</small><br></div><div class="battle-history"><small>Miemie's Defense fell!</small><br></div><div class="battle-history"><small>Miemie's Sp. Def fell!</small><br></div><div class="spacer battle-history"><br></div><div class="battle-history">The opposing Altarizard fainted!<br></div><div class="spacer battle-history"><br></div><div class="battle-history">analysis geek sent out <strong>Ninjacross</strong>!<br></div><div class="spacer battle-history"><br></div><h2 class="battle-history">Turn 18</h2><div class="spacer battle-history"><br></div><div class="battle-history">Miemie used <strong>Close Combat</strong>!<br></div><div class="battle-history"><small>It's not very effective...</small><br></div><div class="battle-history"><small>A critical hit!</small><br></div><div class="battle-history"><small>(The opposing Ninjacross lost 75% of its health!)</small><br></div><div class="battle-history"><small>Miemie's Defense fell!</small><br></div><div class="battle-history"><small>Miemie's Sp. Def fell!</small><br></div><div class="spacer battle-history"><br></div><div class="battle-history">The opposing Ninjacross used <strong>Close Combat</strong>!<br></div><div class="battle-history"><small>It's not very effective...</small><br></div><div class="battle-history"><small>(Miemie lost 94% of its health!)</small><br></div><div class="battle-history"><small>The opposing Ninjacross's Defense fell!</small><br></div><div class="battle-history"><small>The opposing Ninjacross's Sp. Def fell!</small><br></div><div class="spacer battle-history"><br></div><div class="battle-history">Miemie fainted!<br></div><div class="battle-history">[The opposing Ninjacross's Speedy]<br></div><div class="battle-history"><small>The opposing Ninjacross's Speed rose!</small><br></div><div class="spacer battle-history"><br></div><div class="battle-history">Go! <strong>Arctres-Galar</strong>!<br></div><div class="battle-history">[Arctres-Galar's Debilitate]<br></div><div class="battle-history"><small>The opposing Ninjacross's Sp. Atk fell!</small><br></div><div class="spacer battle-history"><br></div><h2 class="battle-history">Turn 19</h2><div class="spacer battle-history"><br></div><div class="battle-history">analysis geek withdrew Ninjacross!<br></div><div class="battle-history">analysis geek sent out <strong>Kingdeedee</strong>!<br></div><div class="battle-history">[The opposing Kingdeedee's Final Argument]<br><small>The battlefield got weird!</small><br></div><div class="spacer battle-history"><br></div><div class="battle-history">Arctres-Galar used <strong>Fiery Wrath</strong>!<br></div><div class="battle-history"><small>It's super effective!</small><br></div><div class="battle-history"><small>(The opposing Kingdeedee lost 50% of its health!)</small><br></div><div class="spacer battle-history"><br></div><div class="battle-history"><small>The opposing Kingdeedee restored a little HP using its Leftovers!</small><br></div><div class="battle-history"><small>The opposing Kingdeedee was hurt by poison!</small><br></div><div class="spacer battle-history"><br></div><h2 class="battle-history">Turn 20</h2><div class="spacer battle-history"><br></div><div class="battle-history">Arctres-Galar used <strong>Fiery Wrath</strong>!<br></div><div class="battle-history"><small>It's super effective!</small><br></div><div class="battle-history"><small>(The opposing Kingdeedee lost 10% of its health!)</small><br></div><div class="spacer battle-history"><br></div><div class="battle-history">The opposing Kingdeedee fainted!<br></div><div class="spacer battle-history"><br></div><div class="battle-history">analysis geek sent out <strong>Ninjacross</strong>!<br></div><div class="spacer battle-history"><br></div><h2 class="battle-history">Turn 21</h2><div class="spacer battle-history"><br></div><div class="battle-history">The opposing Ninjacross used <strong>Earthquake</strong>!<br></div><div class="battle-history"><small>It's super effective!</small><br></div><div class="battle-history"><small>(Arctres-Galar lost 100% of its health!)</small><br></div><div class="spacer battle-history"><br></div><div class="battle-history">Arctres-Galar fainted!<br></div><div class="battle-history">[The opposing Ninjacross's Speedy]<br></div><div class="battle-history"><small>The opposing Ninjacross's Speed rose!</small><br></div><div class="spacer battle-history"><br></div><div class="battle-history">Go! Regibee (<strong>Regibee-Mega</strong>)!<br></div><div class="battle-history"><small>Pointed stones dug into Regibee!</small><br></div><div class="spacer battle-history"><br></div><h2 class="battle-history">Turn 22</h2><div class="chat chatmessage-analysisgeek"><strong style="color:#3e7fb9"><small>☆</small><span class="username" data-name="analysis geek">analysis geek</span>:</strong> <em>gg</em></div><div class="spacer battle-history"><br></div><div class="battle-history">The opposing Ninjacross used <strong>Earthquake</strong>!<br></div><div class="battle-history"><small>It's super effective!</small><br></div><div class="battle-history"><small>(Regibee lost 70% of its health!)</small><br></div><div class="spacer battle-history"><br></div><div class="battle-history">Regibee fainted!<br></div><div class="spacer battle-history"><br></div><div class="battle-history"><strong>analysis geek</strong> won the battle!<br></div><div class="chat chatmessage-anaconja"><strong style="color:#9d24d6"><small>☆</small><span class="username" data-name="anaconja">anaconja</span>:</strong> <em>gg</em></div><div class="chat chatmessage-zxgzxg"><strong style="color:#8f19ef"><small>+</small><span class="username" data-name="zxgzxg">zxgzxg</span>:</strong> <em>analgeek</em></div><div class="chat chatmessage-bobsican"><strong style="color:#b30ed8"><small>+</small><span class="username" data-name="Bobsican">Bobsican</span>:</strong> <em>TFW no physical Fighting resist</em></div><div class="chat chatmessage-gekokeso"><strong style="color:#9b940e"><small>+</small><span class="username" data-name="Gekokeso">Gekokeso</span>:</strong> <em>or ground resist</em></div><div class="chat chatmessage-bobsican"><strong style="color:#b30ed8"><small>+</small><span class="username" data-name="Bobsican">Bobsican</span>:</strong> <em>What no :birbsmart: does to a man</em></div><div class="chat chatmessage-zxgzxg"><strong style="color:#8f19ef"><small>+</small><span class="username" data-name="zxgzxg">zxgzxg</span>:</strong> <em>he had thornbro no</em></div><div class="chat chatmessage-bobsican"><strong style="color:#b30ed8"><small>+</small><span class="username" data-name="Bobsican">Bobsican</span>:</strong> <em>Oh yeah</em></div><div class="chat chatmessage-bobsican"><strong style="color:#b30ed8"><small>+</small><span class="username" data-name="Bobsican">Bobsican</span>:</strong> <em>But still </em></div><div class="chat"><small>+Sticky Fingaa and +Bobsican left</small></div><div class="chat chatmessage-gekokeso"><strong style="color:#9b940e"><small>+</small><span class="username" data-name="Gekokeso">Gekokeso</span>:</strong> <em>yeah the no ground resist is more relevant</em></div><div class="chat"><small>+zxgzxg and +Gekokeso left</small></div></div><div class="inner-preempt message-log"></div></div></div>
</div>
<script>
let daily = Math.floor(Date.now()/1000/60/60/24);document.write('<script src="http://petmodsdh.com/js/replay-embed.js?version'+daily+'"></'+'script>');
</script>
