<!DOCTYPE html>
<meta charset="utf-8" />
<!-- version 1 -->
<title>[Gen 8] Alternatium replay: Redwood Rogue vs. Noctrine</title>
<style>
html,body {font-family:Verdana, sans-serif;font-size:10pt;margin:0;padding:0;}body{padding:12px 0;} .battle-log {font-family:Verdana, sans-serif;font-size:10pt;} .battle-log-inline {border:1px solid #AAAAAA;background:#EEF2F5;color:black;max-width:640px;margin:0 auto 80px;padding-bottom:5px;} .battle-log .inner {padding:4px 8px 0px 8px;} .battle-log .inner-preempt {padding:0 8px 4px 8px;} .battle-log .inner-after {margin-top:0.5em;} .battle-log h2 {margin:0.5em -8px;padding:4px 8px;border:1px solid #AAAAAA;background:#E0E7EA;border-left:0;border-right:0;font-family:Verdana, sans-serif;font-size:13pt;} .battle-log .chat {vertical-align:middle;padding:3px 0 3px 0;font-size:8pt;} .battle-log .chat strong {color:#40576A;} .battle-log .chat em {padding:1px 4px 1px 3px;color:#000000;font-style:normal;} .chat.mine {background:rgba(0,0,0,0.05);margin-left:-8px;margin-right:-8px;padding-left:8px;padding-right:8px;} .spoiler {color:#BBBBBB;background:#BBBBBB;padding:0px 3px;} .spoiler:hover, .spoiler:active, .spoiler-shown {color:#000000;background:#E2E2E2;padding:0px 3px;} .spoiler a {color:#BBBBBB;} .spoiler:hover a, .spoiler:active a, .spoiler-shown a {color:#2288CC;} .chat code, .chat .spoiler:hover code, .chat .spoiler:active code, .chat .spoiler-shown code {border:1px solid #C0C0C0;background:#EEEEEE;color:black;padding:0 2px;} .chat .spoiler code {border:1px solid #CCCCCC;background:#CCCCCC;color:#CCCCCC;} .battle-log .rated {padding:3px 4px;} .battle-log .rated strong {color:white;background:#89A;padding:1px 4px;border-radius:4px;} .spacer {margin-top:0.5em;} .message-announce {background:#6688AA;color:white;padding:1px 4px 2px;} .message-announce a, .broadcast-green a, .broadcast-blue a, .broadcast-red a {color:#DDEEFF;} .broadcast-green {background-color:#559955;color:white;padding:2px 4px;} .broadcast-blue {background-color:#6688AA;color:white;padding:2px 4px;} .infobox {border:1px solid #6688AA;padding:2px 4px;} .infobox-limited {max-height:200px;overflow:auto;overflow-x:hidden;} .broadcast-red {background-color:#AA5544;color:white;padding:2px 4px;} .message-learn-canlearn {font-weight:bold;color:#228822;text-decoration:underline;} .message-learn-cannotlearn {font-weight:bold;color:#CC2222;text-decoration:underline;} .message-effect-weak {font-weight:bold;color:#CC2222;} .message-effect-resist {font-weight:bold;color:#6688AA;} .message-effect-immune {font-weight:bold;color:#666666;} .message-learn-list {margin-top:0;margin-bottom:0;} .message-throttle-notice, .message-error {color:#992222;} .message-overflow, .chat small.message-overflow {font-size:0pt;} .message-overflow::before {font-size:9pt;content:'...';} .subtle {color:#3A4A66;}
</style>
<div class="wrapper replay-wrapper" style="max-width:1180px;margin:0 auto">
<input type="hidden" name="replayid" value="dragonheaven-gen8alternatium-3" />
<div class="battle"></div><div class="battle-log"></div><div class="replay-controls"></div><div class="replay-controls-2"></div>
<h1 style="font-weight:normal;text-align:center"><strong>[Gen 8] Alternatium</strong><br /><a href="http://pokemonshowdown.com/users/redwoodrogue" class="subtle" target="_blank">Redwood Rogue</a> vs. <a href="http://pokemonshowdown.com/users/noctrine" class="subtle" target="_blank">Noctrine</a></h1>
<script type="text/plain" class="battle-log-data">|j|☆Redwood Rogue
|j|☆Noctrine
|t:|1653254000
|player|p1|Redwood Rogue|lucas-gen4pt|
|player|p2|Noctrine|102|
|teamsize|p1|6
|teamsize|p2|6
|gametype|singles
|gen|8
|tier|[Gen 8] Alternatium
|clearpoke
|poke|p1|Rotom-Fan|
|poke|p1|Slowking, M|
|poke|p1|Darmanitan, M|
|poke|p1|Sandslash-Lustrous, M|
|poke|p1|Eternatus|
|poke|p1|Silvally-Grass|
|poke|p2|Sandslash-Lustrous, F|
|poke|p2|Darmanitan, F|
|poke|p2|Rotom-Fan|
|poke|p2|Slowbro, F|
|poke|p2|Castform-Thunderstorm, F|
|poke|p2|Eternatus|
|rule|HP Percentage Mod: HP is shown in percentages
|rule|Endless Battle Clause: Forcing endless battles is banned
|rule|OHKO Clause: OHKO moves are banned
|rule|Evasion Moves Clause: Evasion moves are banned
|rule|Dynamax Clause: You cannot dynamax
|rule|Sleep Clause Mod: Limit one foe put to sleep
|rule|Z-Move Clause: Z-Moves are banned
|teampreview
|c|☆Noctrine|OKAY
|c|☆Noctrine|JFC
|c|☆Redwood Rogue|cool
|c|☆Noctrine|NOT STUPID ANY MORE
|c|☆Noctrine|my god
|c|☆Redwood Rogue|one second
|c|☆Redwood Rogue|sent out some links
|j|+rezzo64
|c|+rezzo64|Go redwood
|
|t:|1653254089
|start
|switch|p1a: Chum Chum|Rotom-Fan|100\/100
|switch|p2a: Darmanitan|Darmanitan, F, shiny|100\/100
|-start|p2a: Darmanitan|typechange|Fire\/Dark|[silent]
|raw|<ul class="utilichart"><li class="result"><span class="col pokemonnamecol" style="white-space: nowrap">Darmanitan<\/span> <span class="col typecol"><img src="https:\/\/dragonheaven.herokuapp.com\/sprites\/types\/Fire.png" alt="Fire" height="14" width="32"><img src="https:\/\/dragonheaven.herokuapp.com\/sprites\/types\/Dark.png" alt="Dark" height="14" width="32"><\/span> <span style="float: left ; min-height: 26px"><span class="col abilitycol">Sheer Force \/ Strong Jaw<\/span><span class="col abilitycol"><\/span><\/span><\/li><li style="clear: both"><\/li><\/ul>
|raw|<ul class="utilichart"><li class="result"><span style="float: left ; min-height: 26px"><span class="col statcol"><em>HP<\/em><br>105<\/span> <span class="col statcol"><em>Atk<\/em><br>140<\/span> <span class="col statcol"><em>Def<\/em><br>75<\/span> <span class="col statcol"><em>SpA<\/em><br>50<\/span> <span class="col statcol"><em>SpD<\/em><br>75<\/span> <span class="col statcol"><em>Spe<\/em><br>95<\/span> <\/span><\/li><li style="clear: both"><\/li><\/ul>
|-start|p1a: Chum Chum|typechange|Flying\/Steel|[silent]
|raw|<ul class="utilichart"><li class="result"><span class="col pokemonnamecol" style="white-space: nowrap">Rotom-Fan<\/span> <span class="col typecol"><img src="https:\/\/dragonheaven.herokuapp.com\/sprites\/types\/Flying.png" alt="Flying" height="14" width="32"><img src="https:\/\/dragonheaven.herokuapp.com\/sprites\/types\/Steel.png" alt="Steel" height="14" width="32"><\/span> <span style="float: left ; min-height: 26px"><span class="col abilitycol">Delta Stream<\/span><span class="col abilitycol"><\/span><\/span><\/li><li style="clear: both"><\/li><\/ul>
|raw|<ul class="utilichart"><li class="result"><span style="float: left ; min-height: 26px"><span class="col statcol"><em>HP<\/em><br>100<\/span> <span class="col statcol"><em>Atk<\/em><br>65<\/span> <span class="col statcol"><em>Def<\/em><br>80<\/span> <span class="col statcol"><em>SpA<\/em><br>105<\/span> <span class="col statcol"><em>SpD<\/em><br>80<\/span> <span class="col statcol"><em>Spe<\/em><br>90<\/span> <\/span><\/li><li style="clear: both"><\/li><\/ul>
|-weather|DeltaStream|[from] ability: Delta Stream|[of] p1a: Chum Chum
|turn|1
|
|t:|1653254109
|-weather|none
|switch|p1a: Curious George|Darmanitan, M|100\/100
|-start|p1a: Curious George|typechange|Fire\/Dark|[silent]
|raw|<ul class="utilichart"><li class="result"><span class="col pokemonnamecol" style="white-space: nowrap">Darmanitan<\/span> <span class="col typecol"><img src="https:\/\/dragonheaven.herokuapp.com\/sprites\/types\/Fire.png" alt="Fire" height="14" width="32"><img src="https:\/\/dragonheaven.herokuapp.com\/sprites\/types\/Dark.png" alt="Dark" height="14" width="32"><\/span> <span style="float: left ; min-height: 26px"><span class="col abilitycol">Sheer Force \/ Strong Jaw<\/span><span class="col abilitycol"><\/span><\/span><\/li><li style="clear: both"><\/li><\/ul>
|raw|<ul class="utilichart"><li class="result"><span style="float: left ; min-height: 26px"><span class="col statcol"><em>HP<\/em><br>105<\/span> <span class="col statcol"><em>Atk<\/em><br>140<\/span> <span class="col statcol"><em>Def<\/em><br>75<\/span> <span class="col statcol"><em>SpA<\/em><br>50<\/span> <span class="col statcol"><em>SpD<\/em><br>75<\/span> <span class="col statcol"><em>Spe<\/em><br>95<\/span> <\/span><\/li><li style="clear: both"><\/li><\/ul>
|move|p2a: Darmanitan|Fire Fang|p1a: Curious George
|-resisted|p1a: Curious George
|-damage|p1a: Curious George|69\/100
|
|upkeep
|turn|2
|
|t:|1653254119
|switch|p2a: Slowbro|Slowbro, F|100\/100
|-start|p2a: Slowbro|typechange|Water\/Ground|[silent]
|raw|<ul class="utilichart"><li class="result"><span class="col pokemonnamecol" style="white-space: nowrap">Slowbro<\/span> <span class="col typecol"><img src="https:\/\/dragonheaven.herokuapp.com\/sprites\/types\/Water.png" alt="Water" height="14" width="32"><img src="https:\/\/dragonheaven.herokuapp.com\/sprites\/types\/Ground.png" alt="Ground" height="14" width="32"><\/span> <span style="float: left ; min-height: 26px"><span class="col abilitycol">Oblivious \/ Shell Armor \/ Sand Spit<\/span><span class="col abilitycol"><\/span><\/span><\/li><li style="clear: both"><\/li><\/ul>
|raw|<ul class="utilichart"><li class="result"><span style="float: left ; min-height: 26px"><span class="col statcol"><em>HP<\/em><br>90<\/span> <span class="col statcol"><em>Atk<\/em><br>75<\/span> <span class="col statcol"><em>Def<\/em><br>165<\/span> <span class="col statcol"><em>SpA<\/em><br>95<\/span> <span class="col statcol"><em>SpD<\/em><br>55<\/span> <span class="col statcol"><em>Spe<\/em><br>30<\/span> <\/span><\/li><li style="clear: both"><\/li><\/ul>
|move|p1a: Curious George|Earthquake|p2a: Slowbro
|-damage|p2a: Slowbro|85\/100
|
|-heal|p2a: Slowbro|91\/100|[from] item: Leftovers
|upkeep
|turn|3
|
|t:|1653254128
|switch|p1a: Chum Chum|Rotom-Fan|100\/100
|-start|p1a: Chum Chum|typechange|Flying\/Steel|[silent]
|-weather|DeltaStream|[from] ability: Delta Stream|[of] p1a: Chum Chum
|move|p2a: Slowbro|Stealth Rock|p1a: Chum Chum
|-sidestart|p1: Redwood Rogue|move: Stealth Rock
|
|-weather|DeltaStream|[upkeep]
|-heal|p2a: Slowbro|97\/100|[from] item: Leftovers
|upkeep
|turn|4
|
|t:|1653254136
|switch|p2a: Rotom-Fan|Rotom-Fan|100\/100
|-start|p2a: Rotom-Fan|typechange|Flying\/Steel|[silent]
|raw|<ul class="utilichart"><li class="result"><span class="col pokemonnamecol" style="white-space: nowrap">Rotom-Fan<\/span> <span class="col typecol"><img src="https:\/\/dragonheaven.herokuapp.com\/sprites\/types\/Flying.png" alt="Flying" height="14" width="32"><img src="https:\/\/dragonheaven.herokuapp.com\/sprites\/types\/Steel.png" alt="Steel" height="14" width="32"><\/span> <span style="float: left ; min-height: 26px"><span class="col abilitycol">Delta Stream<\/span><span class="col abilitycol"><\/span><\/span><\/li><li style="clear: both"><\/li><\/ul>
|raw|<ul class="utilichart"><li class="result"><span style="float: left ; min-height: 26px"><span class="col statcol"><em>HP<\/em><br>100<\/span> <span class="col statcol"><em>Atk<\/em><br>65<\/span> <span class="col statcol"><em>Def<\/em><br>80<\/span> <span class="col statcol"><em>SpA<\/em><br>105<\/span> <span class="col statcol"><em>SpD<\/em><br>80<\/span> <span class="col statcol"><em>Spe<\/em><br>90<\/span> <\/span><\/li><li style="clear: both"><\/li><\/ul>
|move|p1a: Chum Chum|Toxic|p2a: Rotom-Fan
|-immune|p2a: Rotom-Fan
|
|-weather|DeltaStream|[upkeep]
|upkeep
|turn|5
|
|t:|1653254141
|move|p2a: Rotom-Fan|Volt Switch|p1a: Chum Chum
|-activate||deltastream
|-damage|p1a: Chum Chum|80\/100
|
|t:|1653254150
|switch|p2a: Sandslash-Lustrous|Sandslash-Lustrous, F|100\/100|[from]move: Volt Switch
|-start|p2a: Sandslash-Lustrous|typechange|Ground\/Fairy|[silent]
|raw|<ul class="utilichart"><li class="result"><span class="col pokemonnamecol" style="white-space: nowrap">Sandslash-Lustrous<\/span> <span class="col typecol"><img src="https:\/\/dragonheaven.herokuapp.com\/sprites\/types\/Ground.png" alt="Ground" height="14" width="32"><img src="https:\/\/dragonheaven.herokuapp.com\/sprites\/types\/Fairy.png" alt="Fairy" height="14" width="32"><\/span> <span style="float: left ; min-height: 26px"><span class="col abilitycol">Sand Rush \/ Pixilate<\/span><span class="col abilitycol"><\/span><\/span><\/li><li style="clear: both"><\/li><\/ul>
|raw|<ul class="utilichart"><li class="result"><span style="float: left ; min-height: 26px"><span class="col statcol"><em>HP<\/em><br>79<\/span> <span class="col statcol"><em>Atk<\/em><br>125<\/span> <span class="col statcol"><em>Def<\/em><br>75<\/span> <span class="col statcol"><em>SpA<\/em><br>69<\/span> <span class="col statcol"><em>SpD<\/em><br>85<\/span> <span class="col statcol"><em>Spe<\/em><br>97<\/span> <\/span><\/li><li style="clear: both"><\/li><\/ul>
|move|p1a: Chum Chum|Volt Switch|p2a: Sandslash-Lustrous
|-immune|p2a: Sandslash-Lustrous
|
|-weather|DeltaStream|[upkeep]
|-heal|p1a: Chum Chum|86\/100|[from] item: Leftovers
|upkeep
|turn|6
|
|t:|1653254164
|switch|p2a: Rotom-Fan|Rotom-Fan|100\/100
|-start|p2a: Rotom-Fan|typechange|Flying\/Steel|[silent]
|move|p1a: Chum Chum|Toxic|p2a: Rotom-Fan
|-immune|p2a: Rotom-Fan
|
|-weather|DeltaStream|[upkeep]
|-heal|p1a: Chum Chum|92\/100|[from] item: Leftovers
|upkeep
|turn|7
|
|t:|1653254172
|move|p2a: Rotom-Fan|Volt Switch|p1a: Chum Chum
|-activate||deltastream
|-crit|p1a: Chum Chum
|-damage|p1a: Chum Chum|60\/100
|
|t:|1653254178
|switch|p2a: Slowbro|Slowbro, F|97\/100|[from]move: Volt Switch
|-start|p2a: Slowbro|typechange|Water\/Ground|[silent]
|move|p1a: Chum Chum|Hidden Power|p2a: Slowbro
|-resisted|p2a: Slowbro
|-damage|p2a: Slowbro|87\/100
|
|-weather|DeltaStream|[upkeep]
|-heal|p1a: Chum Chum|66\/100|[from] item: Leftovers
|-heal|p2a: Slowbro|93\/100|[from] item: Leftovers
|upkeep
|turn|8
|
|t:|1653254188
|switch|p2a: Rotom-Fan|Rotom-Fan|100\/100
|-start|p2a: Rotom-Fan|typechange|Flying\/Steel|[silent]
|move|p1a: Chum Chum|Oblivion Wing|p2a: Rotom-Fan
|-resisted|p2a: Rotom-Fan
|-damage|p2a: Rotom-Fan|84\/100
|-heal|p1a: Chum Chum|77\/100|[from] drain|[of] p2a: Rotom-Fan
|
|-weather|DeltaStream|[upkeep]
|-heal|p1a: Chum Chum|83\/100|[from] item: Leftovers
|upkeep
|turn|9
|
|t:|1653254197
|move|p2a: Rotom-Fan|Trick|p1a: Chum Chum
|-activate|p2a: Rotom-Fan|move: Trick|[of] p1a: Chum Chum
|-item|p1a: Chum Chum|Choice Scarf|[from] move: Trick
|-item|p2a: Rotom-Fan|Leftovers|[from] move: Trick
|move|p1a: Chum Chum|Hidden Power|p2a: Rotom-Fan
|-supereffective|p2a: Rotom-Fan
|-damage|p2a: Rotom-Fan|47\/100
|
|-weather|DeltaStream|[upkeep]
|-heal|p2a: Rotom-Fan|54\/100|[from] item: Leftovers
|upkeep
|turn|10
|
|t:|1653254210
|switch|p1a: Fern|Silvally-Grass|100\/100
|-damage|p1a: Fern|88\/100|[from] Stealth Rock
|-start|p1a: Fern|typechange|Grass|[silent]
|raw|<ul class="utilichart"><li class="result"><span class="col pokemonnamecol" style="white-space: nowrap">Silvally-Grass<\/span> <span class="col typecol"><img src="https:\/\/dragonheaven.herokuapp.com\/sprites\/types\/Grass.png" alt="Grass" height="14" width="32"><\/span> <span style="float: left ; min-height: 26px"><span class="col abilitycol">Grassy Surge<\/span><span class="col abilitycol"><\/span><\/span><\/li><li style="clear: both"><\/li><\/ul>
|raw|<ul class="utilichart"><li class="result"><span style="float: left ; min-height: 26px"><span class="col statcol"><em>HP<\/em><br>95<\/span> <span class="col statcol"><em>Atk<\/em><br>115<\/span> <span class="col statcol"><em>Def<\/em><br>95<\/span> <span class="col statcol"><em>SpA<\/em><br>95<\/span> <span class="col statcol"><em>SpD<\/em><br>95<\/span> <span class="col statcol"><em>Spe<\/em><br>105<\/span> <\/span><\/li><li style="clear: both"><\/li><\/ul>
|-fieldstart|move: Grassy Terrain|[from] ability: Grassy Surge|[of] p1a: Fern
|-weather|none
|switch|p2a: Slowbro|Slowbro, F|93\/100
|-start|p2a: Slowbro|typechange|Water\/Ground|[silent]
|
|-heal|p1a: Fern|94\/100|[from] Grassy Terrain
|-heal|p2a: Slowbro|99\/100|[from] item: Leftovers
|-heal|p2a: Slowbro|100\/100|[from] Grassy Terrain
|upkeep
|turn|11
|
|t:|1653254222
|switch|p2a: Eternatus|Eternatus|100\/100
|-start|p2a: Eternatus|typechange|Poison\/Dragon|[silent]
|raw|<ul class="utilichart"><li class="result"><span class="col pokemonnamecol" style="white-space: nowrap">Eternatus<\/span> <span class="col typecol"><img src="https:\/\/dragonheaven.herokuapp.com\/sprites\/types\/Poison.png" alt="Poison" height="14" width="32"><img src="https:\/\/dragonheaven.herokuapp.com\/sprites\/types\/Dragon.png" alt="Dragon" height="14" width="32"><\/span> <span style="float: left ; min-height: 26px"><span class="col abilitycol">Infiltrator \/ Magic Bounce<\/span><span class="col abilitycol"><\/span><\/span><\/li><li style="clear: both"><\/li><\/ul>
|raw|<ul class="utilichart"><li class="result"><span style="float: left ; min-height: 26px"><span class="col statcol"><em>HP<\/em><br>90<\/span> <span class="col statcol"><em>Atk<\/em><br>70<\/span> <span class="col statcol"><em>Def<\/em><br>60<\/span> <span class="col statcol"><em>SpA<\/em><br>130<\/span> <span class="col statcol"><em>SpD<\/em><br>95<\/span> <span class="col statcol"><em>Spe<\/em><br>110<\/span> <\/span><\/li><li style="clear: both"><\/li><\/ul>
|move|p1a: Fern|Swords Dance|p1a: Fern
|-boost|p1a: Fern|atk|2
|
|-heal|p1a: Fern|100\/100|[from] Grassy Terrain
|upkeep
|turn|12
|j|+Tapler ❀
|
|t:|1653254239
|move|p2a: Eternatus|Flamethrower|p1a: Fern
|-supereffective|p1a: Fern
|-damage|p1a: Fern|54\/100
|move|p1a: Fern|Superpower|p2a: Eternatus
|-resisted|p2a: Eternatus
|-damage|p2a: Eternatus|37\/100
|-unboost|p1a: Fern|atk|1
|-unboost|p1a: Fern|def|1
|-damage|p1a: Fern|44\/100|[from] item: Life Orb
|
|-heal|p2a: Eternatus|43\/100|[from] item: Black Sludge
|-heal|p2a: Eternatus|49\/100|[from] Grassy Terrain
|-heal|p1a: Fern|50\/100|[from] Grassy Terrain
|upkeep
|turn|13
|
|t:|1653254253
|move|p2a: Eternatus|Recover|p2a: Eternatus
|-heal|p2a: Eternatus|99\/100
|move|p1a: Fern|Superpower|p2a: Eternatus
|-resisted|p2a: Eternatus
|-damage|p2a: Eternatus|50\/100
|-unboost|p1a: Fern|atk|1
|-unboost|p1a: Fern|def|1
|-damage|p1a: Fern|40\/100|[from] item: Life Orb
|
|-heal|p2a: Eternatus|56\/100|[from] item: Black Sludge
|-heal|p2a: Eternatus|62\/100|[from] Grassy Terrain
|-heal|p1a: Fern|46\/100|[from] Grassy Terrain
|upkeep
|turn|14
|
|t:|1653254267
|move|p2a: Eternatus|Flamethrower|p1a: Fern
|-supereffective|p1a: Fern
|-damage|p1a: Fern|0 fnt
|faint|p1a: Fern
|
|-heal|p2a: Eternatus|68\/100|[from] item: Black Sludge
|-heal|p2a: Eternatus|75\/100|[from] Grassy Terrain
|-fieldend|move: Grassy Terrain
|upkeep
|
|t:|1653254287
|switch|p1a: Speedy Gonzalez|Sandslash-Lustrous, M, shiny|100\/100
|-start|p1a: Speedy Gonzalez|typechange|Ground\/Fairy|[silent]
|raw|<ul class="utilichart"><li class="result"><span class="col pokemonnamecol" style="white-space: nowrap">Sandslash-Lustrous<\/span> <span class="col typecol"><img src="https:\/\/dragonheaven.herokuapp.com\/sprites\/types\/Ground.png" alt="Ground" height="14" width="32"><img src="https:\/\/dragonheaven.herokuapp.com\/sprites\/types\/Fairy.png" alt="Fairy" height="14" width="32"><\/span> <span style="float: left ; min-height: 26px"><span class="col abilitycol">Sand Rush \/ Pixilate<\/span><span class="col abilitycol"><\/span><\/span><\/li><li style="clear: both"><\/li><\/ul>
|raw|<ul class="utilichart"><li class="result"><span style="float: left ; min-height: 26px"><span class="col statcol"><em>HP<\/em><br>79<\/span> <span class="col statcol"><em>Atk<\/em><br>125<\/span> <span class="col statcol"><em>Def<\/em><br>75<\/span> <span class="col statcol"><em>SpA<\/em><br>69<\/span> <span class="col statcol"><em>SpD<\/em><br>85<\/span> <span class="col statcol"><em>Spe<\/em><br>97<\/span> <\/span><\/li><li style="clear: both"><\/li><\/ul>
|-damage|p1a: Speedy Gonzalez|95\/100|[from] Stealth Rock
|turn|15
|
|t:|1653254299
|switch|p2a: Castform-Thunderst|Castform-Thunderstorm, F|100\/100
|-start|p2a: Castform-Thunderst|typechange|Water\/Electric|[silent]
|raw|<ul class="utilichart"><li class="result"><span class="col pokemonnamecol" style="white-space: nowrap">Castform-Thunderstorm<\/span> <span class="col typecol"><img src="https:\/\/dragonheaven.herokuapp.com\/sprites\/types\/Water.png" alt="Water" height="14" width="32"><img src="https:\/\/dragonheaven.herokuapp.com\/sprites\/types\/Electric.png" alt="Electric" height="14" width="32"><\/span> <span style="float: left ; min-height: 26px"><span class="col abilitycol">Levitate \/ Water Absorb \/ Sharpshooter<\/span><span class="col abilitycol"><\/span><\/span><\/li><li style="clear: both"><\/li><\/ul>
|raw|<ul class="utilichart"><li class="result"><span style="float: left ; min-height: 26px"><span class="col statcol"><em>HP<\/em><br>75<\/span> <span class="col statcol"><em>Atk<\/em><br>80<\/span> <span class="col statcol"><em>Def<\/em><br>70<\/span> <span class="col statcol"><em>SpA<\/em><br>100<\/span> <span class="col statcol"><em>SpD<\/em><br>110<\/span> <span class="col statcol"><em>Spe<\/em><br>115<\/span> <\/span><\/li><li style="clear: both"><\/li><\/ul>
|move|p1a: Speedy Gonzalez|Earthquake|p2a: Castform-Thunderst
|-immune|p2a: Castform-Thunderst|[from] ability: Levitate
|
|-heal|p1a: Speedy Gonzalez|100\/100|[from] item: Leftovers
|upkeep
|turn|16
|
|t:|1653254313
|switch|p1a: King Julian|Slowking, M, shiny|100\/100
|-start|p1a: King Julian|typechange|Water\/Electric|[silent]
|raw|<ul class="utilichart"><li class="result"><span class="col pokemonnamecol" style="white-space: nowrap">Slowking<\/span> <span class="col typecol"><img src="https:\/\/dragonheaven.herokuapp.com\/sprites\/types\/Water.png" alt="Water" height="14" width="32"><img src="https:\/\/dragonheaven.herokuapp.com\/sprites\/types\/Electric.png" alt="Electric" height="14" width="32"><\/span> <span style="float: left ; min-height: 26px"><span class="col abilitycol">Own Tempo \/ Natural Cure \/ Electric Surge<\/span><span class="col abilitycol"><\/span><\/span><\/li><li style="clear: both"><\/li><\/ul>
|raw|<ul class="utilichart"><li class="result"><span style="float: left ; min-height: 26px"><span class="col statcol"><em>HP<\/em><br>95<\/span> <span class="col statcol"><em>Atk<\/em><br>75<\/span> <span class="col statcol"><em>Def<\/em><br>75<\/span> <span class="col statcol"><em>SpA<\/em><br>90<\/span> <span class="col statcol"><em>SpD<\/em><br>135<\/span> <span class="col statcol"><em>Spe<\/em><br>30<\/span> <\/span><\/li><li style="clear: both"><\/li><\/ul>
|move|p2a: Castform-Thunderst|Hydro Pump|p1a: King Julian
|-resisted|p1a: King Julian
|-damage|p1a: King Julian|88\/100
|
|upkeep
|turn|17
|
|t:|1653254329
|switch|p2a: Eternatus|Eternatus|75\/100
|-start|p2a: Eternatus|typechange|Poison\/Dragon|[silent]
|move|p1a: King Julian|Discharge|p2a: Eternatus
|-resisted|p2a: Eternatus
|-damage|p2a: Eternatus|63\/100
|
|-heal|p2a: Eternatus|70\/100|[from] item: Black Sludge
|upkeep
|turn|18
|
|t:|1653254342
|switch|p2a: Sandslash-Lustrous|Sandslash-Lustrous, F|100\/100
|-start|p2a: Sandslash-Lustrous|typechange|Ground\/Fairy|[silent]
|move|p1a: King Julian|Teleport|p1a: King Julian
|
|t:|1653254351
|switch|p1a: Curious George|Darmanitan, M|69\/100|[from]move: Teleport
|-damage|p1a: Curious George|44\/100|[from] Stealth Rock
|-start|p1a: Curious George|typechange|Fire\/Dark|[silent]
|
|upkeep
|turn|19
|
|t:|1653254359
|switch|p2a: Slowbro|Slowbro, F|100\/100
|-start|p2a: Slowbro|typechange|Water\/Ground|[silent]
|move|p1a: Curious George|Flare Blitz|p2a: Slowbro
|-resisted|p2a: Slowbro
|-crit|p2a: Slowbro
|-damage|p2a: Slowbro|74\/100
|-damage|p1a: Curious George|34\/100|[from] Recoil
|
|-heal|p2a: Slowbro|80\/100|[from] item: Leftovers
|upkeep
|turn|20
|
|t:|1653254375
|switch|p1a: Chum Chum|Rotom-Fan|83\/100
|-damage|p1a: Chum Chum|71\/100|[from] Stealth Rock
|-start|p1a: Chum Chum|typechange|Flying\/Steel|[silent]
|-weather|DeltaStream|[from] ability: Delta Stream|[of] p1a: Chum Chum
|move|p2a: Slowbro|Teleport|p2a: Slowbro
|
|t:|1653254382
|switch|p2a: Darmanitan|Darmanitan, F, shiny|100\/100|[from]move: Teleport
|-start|p2a: Darmanitan|typechange|Fire\/Dark|[silent]
|
|-weather|DeltaStream|[upkeep]
|upkeep
|turn|21
|
|t:|1653254388
|move|p2a: Darmanitan|Fire Fang|p1a: Chum Chum
|-supereffective|p1a: Chum Chum
|-damage|p1a: Chum Chum|0 fnt
|faint|p1a: Chum Chum
|-weather|none
|
|upkeep
|l|+rezzo64
|
|t:|1653254400
|switch|p1a: Speedy Gonzalez|Sandslash-Lustrous, M, shiny|100\/100
|-damage|p1a: Speedy Gonzalez|95\/100|[from] Stealth Rock
|-start|p1a: Speedy Gonzalez|typechange|Ground\/Fairy|[silent]
|turn|22
|
|t:|1653254412
|move|p2a: Darmanitan|Fire Fang|p1a: Speedy Gonzalez
|-damage|p1a: Speedy Gonzalez|19\/100
|-status|p1a: Speedy Gonzalez|brn
|move|p1a: Speedy Gonzalez|Rapid Spin|p2a: Darmanitan
|-damage|p2a: Darmanitan|80\/100
|-boost|p1a: Speedy Gonzalez|spe|1
|-sideend|p1: Redwood Rogue|Stealth Rock|[from] move: Rapid Spin|[of] p1a: Speedy Gonzalez
|
|-heal|p1a: Speedy Gonzalez|25\/100 brn|[from] item: Leftovers
|-damage|p1a: Speedy Gonzalez|19\/100 brn|[from] brn
|upkeep
|turn|23
|c|☆Redwood Rogue|fucking
|c|☆Redwood Rogue|I love rng
|c|☆Redwood Rogue|so much
|c|☆Redwood Rogue|It's so sick and awesome and cool
|
|t:|1653254436
|move|p1a: Speedy Gonzalez|Earthquake|p2a: Darmanitan
|-supereffective|p2a: Darmanitan
|-damage|p2a: Darmanitan|12\/100
|move|p2a: Darmanitan|Fire Fang|p1a: Speedy Gonzalez
|-damage|p1a: Speedy Gonzalez|0 fnt
|faint|p1a: Speedy Gonzalez
|
|upkeep
|c|☆Noctrine|mb dude
|c|☆Redwood Rogue|nah it
|c|☆Redwood Rogue|it's not your fault lmao
|
|t:|1653254464
|switch|p1a: Clifford|Eternatus|100\/100
|-start|p1a: Clifford|typechange|Poison\/Dragon|[silent]
|raw|<ul class="utilichart"><li class="result"><span class="col pokemonnamecol" style="white-space: nowrap">Eternatus<\/span> <span class="col typecol"><img src="https:\/\/dragonheaven.herokuapp.com\/sprites\/types\/Poison.png" alt="Poison" height="14" width="32"><img src="https:\/\/dragonheaven.herokuapp.com\/sprites\/types\/Dragon.png" alt="Dragon" height="14" width="32"><\/span> <span style="float: left ; min-height: 26px"><span class="col abilitycol">Infiltrator \/ Magic Bounce<\/span><span class="col abilitycol"><\/span><\/span><\/li><li style="clear: both"><\/li><\/ul>
|raw|<ul class="utilichart"><li class="result"><span style="float: left ; min-height: 26px"><span class="col statcol"><em>HP<\/em><br>90<\/span> <span class="col statcol"><em>Atk<\/em><br>70<\/span> <span class="col statcol"><em>Def<\/em><br>60<\/span> <span class="col statcol"><em>SpA<\/em><br>130<\/span> <span class="col statcol"><em>SpD<\/em><br>95<\/span> <span class="col statcol"><em>Spe<\/em><br>110<\/span> <\/span><\/li><li style="clear: both"><\/li><\/ul>
|turn|24
|c|+Tapler ❀|bold of you to assume noctrine isn’t a secret luck god
|
|t:|1653254494
|switch|p2a: Castform-Thunderst|Castform-Thunderstorm, F|100\/100
|-start|p2a: Castform-Thunderst|typechange|Water\/Electric|[silent]
|move|p1a: Clifford|Sludge Bomb|p2a: Castform-Thunderst
|-damage|p2a: Castform-Thunderst|53\/100
|-status|p2a: Castform-Thunderst|psn
|
|-damage|p2a: Castform-Thunderst|41\/100 psn|[from] psn
|upkeep
|turn|25
|c|☆Redwood Rogue|bold of you to assume I knew who Noctrine was
|c|+Tapler ❀|~~ok nm that proves they’re not~~
|
|t:|1653254514
|move|p2a: Castform-Thunderst|Ice Beam|p1a: Clifford
|-supereffective|p1a: Clifford
|-damage|p1a: Clifford|35\/100
|move|p1a: Clifford|Sludge Bomb|p2a: Castform-Thunderst
|-damage|p2a: Castform-Thunderst|0 fnt
|faint|p2a: Castform-Thunderst
|
|-heal|p1a: Clifford|41\/100|[from] item: Black Sludge
|upkeep
|
|t:|1653254520
|switch|p2a: Sandslash-Lustrous|Sandslash-Lustrous, F|100\/100
|-start|p2a: Sandslash-Lustrous|typechange|Ground\/Fairy|[silent]
|turn|26
|
|t:|1653254533
|move|p1a: Clifford|Sludge Bomb|p2a: Sandslash-Lustrous
|-damage|p2a: Sandslash-Lustrous|44\/100
|-status|p2a: Sandslash-Lustrous|psn
|move|p2a: Sandslash-Lustrous|Rapid Spin|p1a: Clifford
|-damage|p1a: Clifford|0 fnt
|-boost|p2a: Sandslash-Lustrous|spe|1
|faint|p1a: Clifford
|
|-heal|p2a: Sandslash-Lustrous|50\/100 psn|[from] item: Leftovers
|-damage|p2a: Sandslash-Lustrous|38\/100 psn|[from] psn
|upkeep
|
|t:|1653254545
|switch|p1a: Curious George|Darmanitan, M|34\/100
|-start|p1a: Curious George|typechange|Fire\/Dark|[silent]
|turn|27
|c|☆Noctrine|gg
|
|t:|1653254556
|move|p2a: Sandslash-Lustrous|Earthquake|p1a: Curious George
|-supereffective|p1a: Curious George
|-damage|p1a: Curious George|0 fnt
|faint|p1a: Curious George
|
|-heal|p2a: Sandslash-Lustrous|44\/100 psn|[from] item: Leftovers
|-damage|p2a: Sandslash-Lustrous|31\/100 psn|[from] psn
|upkeep
|c|☆Redwood Rogue|that outspeeds scarf?
|l|+Tapler ❀
|c|☆Redwood Rogue|zamn
|
|t:|1653254569
|switch|p1a: King Julian|Slowking, M, shiny|88\/100
|-start|p1a: King Julian|typechange|Water\/Electric|[silent]
|turn|28
|c|☆Noctrine|yea u 
|c|☆Noctrine|hit me with the same thing 
|c|☆Noctrine|like 5 turns ago-
|c|☆Redwood Rogue|lol, lmao
|
|t:|1653254585
|move|p2a: Sandslash-Lustrous|Earthquake|p1a: King Julian
|-supereffective|p1a: King Julian
|-damage|p1a: King Julian|0 fnt
|faint|p1a: King Julian
|
|win|Noctrine
|c|☆Redwood Rogue|ggs
|j|+Tapler ❀
|c|☆Noctrine|ggs
|l|+Tapler ❀
|j| OmastarOmastar
|l| OmastarOmastar
|j| OmastarOmastar
|l| OmastarOmastar
</script>
</div>
<div class="battle-log battle-log-inline"><div class="inner"><div class="battle-options"><div style="padding-top: 3px; padding-right: 3px; text-align: right"><button class="icon button" name="openBattleOptions" title="Options">Battle Options</button></div></div><div class="inner message-log"><div class="chat"><small>☆Redwood Rogue and ☆Noctrine joined</small></div><div class=""><small>Format:</small> <br><strong>[Gen 8] Alternatium</strong></div><div class=""><small><em>HP Percentage Mod:</em> HP is shown in percentages</small></div><div class=""><small><em>Endless Battle Clause:</em> Forcing endless battles is banned</small></div><div class=""><small><em>OHKO Clause:</em> OHKO moves are banned</small></div><div class=""><small><em>Evasion Moves Clause:</em> Evasion moves are banned</small></div><div class=""><small><em>Dynamax Clause:</em> You cannot dynamax</small></div><div class=""><small><em>Sleep Clause Mod:</em> Limit one foe put to sleep</small></div><div class=""><small><em>Z-Move Clause:</em> Z-Moves are banned</small></div><div class="chat battle-history"><strong>Redwood Rogue's team:</strong> <em style="color:#445566;display:block;">Rotom-Fan / Slowking / Darmanitan / Sandslash-Lustrous / Eternatus / Silvally-Grass</em></div><div class="chat battle-history"><strong>Noctrine's team:</strong> <em style="color:#445566;display:block;">Sandslash-Lustrous / Darmanitan / Rotom-Fan / Slowbro / Castform-Thunderstorm / Eternatus</em></div><div class="chat chatmessage-noctrine"><strong style="color:#2fa522"><small>☆</small><span class="username" data-name="Noctrine">Noctrine</span>:</strong> <em>OKAY</em></div><div class="chat chatmessage-noctrine"><strong style="color:#2fa522"><small>☆</small><span class="username" data-name="Noctrine">Noctrine</span>:</strong> <em>JFC</em></div><div class="chat chatmessage-redwoodrogue"><strong style="color:#ba3891"><small>☆</small><span class="username" data-name="Redwood Rogue">Redwood Rogue</span>:</strong> <em>cool</em></div><div class="chat chatmessage-noctrine"><strong style="color:#2fa522"><small>☆</small><span class="username" data-name="Noctrine">Noctrine</span>:</strong> <em>NOT STUPID ANY MORE</em></div><div class="chat chatmessage-noctrine"><strong style="color:#2fa522"><small>☆</small><span class="username" data-name="Noctrine">Noctrine</span>:</strong> <em>my god</em></div><div class="chat chatmessage-redwoodrogue"><strong style="color:#ba3891"><small>☆</small><span class="username" data-name="Redwood Rogue">Redwood Rogue</span>:</strong> <em>one second</em></div><div class="chat chatmessage-redwoodrogue"><strong style="color:#ba3891"><small>☆</small><span class="username" data-name="Redwood Rogue">Redwood Rogue</span>:</strong> <em>sent out some links</em></div><div class="chat"><small>+rezzo64 joined</small></div><div class="chat chatmessage-rezzo64"><strong style="color:#8056da"><small>+</small><span class="username" data-name="rezzo64">rezzo64</span>:</strong> <em>Go redwood</em></div><div class="spacer battle-history"><br></div><div class="battle-history">Battle started between Redwood Rogue and Noctrine!<br></div><div class="spacer battle-history"><br></div><div class="battle-history">Go! Chum Chum (<strong>Rotom-Fan</strong>)!<br></div><div class="spacer battle-history"><br></div><div class="battle-history">Noctrine sent out <strong>Darmanitan</strong>!<br></div><div class="chat"><ul class="utilichart"><li class="result"><span class="col pokemonnamecol" style="white-space: nowrap">Darmanitan</span> <span class="col typecol"><img src="https://dragonheaven.herokuapp.com/sprites/types/Fire.png" alt="Fire" height="14" width="32"><img src="https://dragonheaven.herokuapp.com/sprites/types/Dark.png" alt="Dark" height="14" width="32"></span> <span style="float: left ; min-height: 26px"><span class="col abilitycol">Sheer Force / Strong Jaw</span><span class="col abilitycol"></span></span></li><li style="clear: both"></li></ul></div><div class="chat"><ul class="utilichart"><li class="result"><span style="float: left ; min-height: 26px"><span class="col statcol"><em>HP</em><br>105</span> <span class="col statcol"><em>Atk</em><br>140</span> <span class="col statcol"><em>Def</em><br>75</span> <span class="col statcol"><em>SpA</em><br>50</span> <span class="col statcol"><em>SpD</em><br>75</span> <span class="col statcol"><em>Spe</em><br>95</span> </span></li><li style="clear: both"></li></ul></div><div class="chat"><ul class="utilichart"><li class="result"><span class="col pokemonnamecol" style="white-space: nowrap">Rotom-Fan</span> <span class="col typecol"><img src="https://dragonheaven.herokuapp.com/sprites/types/Flying.png" alt="Flying" height="14" width="32"><img src="https://dragonheaven.herokuapp.com/sprites/types/Steel.png" alt="Steel" height="14" width="32"></span> <span style="float: left ; min-height: 26px"><span class="col abilitycol">Delta Stream</span><span class="col abilitycol"></span></span></li><li style="clear: both"></li></ul></div><div class="chat"><ul class="utilichart"><li class="result"><span style="float: left ; min-height: 26px"><span class="col statcol"><em>HP</em><br>100</span> <span class="col statcol"><em>Atk</em><br>65</span> <span class="col statcol"><em>Def</em><br>80</span> <span class="col statcol"><em>SpA</em><br>105</span> <span class="col statcol"><em>SpD</em><br>80</span> <span class="col statcol"><em>Spe</em><br>90</span> </span></li><li style="clear: both"></li></ul></div><div class="battle-history">[Chum Chum's Delta Stream]<br><small>Mysterious strong winds are protecting Flying-type Pokémon!</small><br></div><div class="spacer battle-history"><br></div><h2 class="battle-history">Turn 1</h2><div class="spacer battle-history"><br></div><div class="battle-history"><small>The mysterious strong winds have dissipated!</small><br></div><div class="spacer battle-history"><br></div><div class="battle-history">Chum Chum, come back!<br></div><div class="battle-history">Go! Curious George (<strong>Darmanitan</strong>)!<br></div><div class="chat"><ul class="utilichart"><li class="result"><span class="col pokemonnamecol" style="white-space: nowrap">Darmanitan</span> <span class="col typecol"><img src="https://dragonheaven.herokuapp.com/sprites/types/Fire.png" alt="Fire" height="14" width="32"><img src="https://dragonheaven.herokuapp.com/sprites/types/Dark.png" alt="Dark" height="14" width="32"></span> <span style="float: left ; min-height: 26px"><span class="col abilitycol">Sheer Force / Strong Jaw</span><span class="col abilitycol"></span></span></li><li style="clear: both"></li></ul></div><div class="chat"><ul class="utilichart"><li class="result"><span style="float: left ; min-height: 26px"><span class="col statcol"><em>HP</em><br>105</span> <span class="col statcol"><em>Atk</em><br>140</span> <span class="col statcol"><em>Def</em><br>75</span> <span class="col statcol"><em>SpA</em><br>50</span> <span class="col statcol"><em>SpD</em><br>75</span> <span class="col statcol"><em>Spe</em><br>95</span> </span></li><li style="clear: both"></li></ul></div><div class="spacer battle-history"><br></div><div class="battle-history">The opposing Darmanitan used <strong>Fire Fang</strong>!<br></div><div class="battle-history"><small>It's not very effective...</small><br></div><div class="battle-history"><small>(Curious George lost 31% of its health!)</small><br></div><div class="spacer battle-history"><br></div><h2 class="battle-history">Turn 2</h2><div class="spacer battle-history"><br></div><div class="battle-history">Noctrine withdrew Darmanitan!<br></div><div class="battle-history">Noctrine sent out <strong>Slowbro</strong>!<br></div><div class="chat"><ul class="utilichart"><li class="result"><span class="col pokemonnamecol" style="white-space: nowrap">Slowbro</span> <span class="col typecol"><img src="https://dragonheaven.herokuapp.com/sprites/types/Water.png" alt="Water" height="14" width="32"><img src="https://dragonheaven.herokuapp.com/sprites/types/Ground.png" alt="Ground" height="14" width="32"></span> <span style="float: left ; min-height: 26px"><span class="col abilitycol">Oblivious / Shell Armor / Sand Spit</span><span class="col abilitycol"></span></span></li><li style="clear: both"></li></ul></div><div class="chat"><ul class="utilichart"><li class="result"><span style="float: left ; min-height: 26px"><span class="col statcol"><em>HP</em><br>90</span> <span class="col statcol"><em>Atk</em><br>75</span> <span class="col statcol"><em>Def</em><br>165</span> <span class="col statcol"><em>SpA</em><br>95</span> <span class="col statcol"><em>SpD</em><br>55</span> <span class="col statcol"><em>Spe</em><br>30</span> </span></li><li style="clear: both"></li></ul></div><div class="spacer battle-history"><br></div><div class="battle-history">Curious George used <strong>Earthquake</strong>!<br></div><div class="battle-history"><small>(The opposing Slowbro lost 15% of its health!)</small><br></div><div class="spacer battle-history"><br></div><div class="battle-history"><small>The opposing Slowbro restored a little HP using its Leftovers!</small><br></div><div class="spacer battle-history"><br></div><h2 class="battle-history">Turn 3</h2><div class="spacer battle-history"><br></div><div class="battle-history">Curious George, come back!<br></div><div class="battle-history">Go! Chum Chum (<strong>Rotom-Fan</strong>)!<br></div><div class="battle-history">[Chum Chum's Delta Stream]<br><small>Mysterious strong winds are protecting Flying-type Pokémon!</small><br></div><div class="spacer battle-history"><br></div><div class="battle-history">The opposing Slowbro used <strong>Stealth Rock</strong>!<br></div><div class="battle-history"><small>Pointed stones float in the air around your team!</small><br></div><div class="spacer battle-history"><br></div><div class="battle-history"><small>The opposing Slowbro restored a little HP using its Leftovers!</small><br></div><div class="spacer battle-history"><br></div><h2 class="battle-history">Turn 4</h2><div class="spacer battle-history"><br></div><div class="battle-history">Noctrine withdrew Slowbro!<br></div><div class="battle-history">Noctrine sent out <strong>Rotom-Fan</strong>!<br></div><div class="chat"><ul class="utilichart"><li class="result"><span class="col pokemonnamecol" style="white-space: nowrap">Rotom-Fan</span> <span class="col typecol"><img src="https://dragonheaven.herokuapp.com/sprites/types/Flying.png" alt="Flying" height="14" width="32"><img src="https://dragonheaven.herokuapp.com/sprites/types/Steel.png" alt="Steel" height="14" width="32"></span> <span style="float: left ; min-height: 26px"><span class="col abilitycol">Delta Stream</span><span class="col abilitycol"></span></span></li><li style="clear: both"></li></ul></div><div class="chat"><ul class="utilichart"><li class="result"><span style="float: left ; min-height: 26px"><span class="col statcol"><em>HP</em><br>100</span> <span class="col statcol"><em>Atk</em><br>65</span> <span class="col statcol"><em>Def</em><br>80</span> <span class="col statcol"><em>SpA</em><br>105</span> <span class="col statcol"><em>SpD</em><br>80</span> <span class="col statcol"><em>Spe</em><br>90</span> </span></li><li style="clear: both"></li></ul></div><div class="spacer battle-history"><br></div><div class="battle-history">Chum Chum used <strong>Toxic</strong>!<br></div><div class="battle-history"><small>It doesn't affect the opposing Rotom-Fan...</small><br></div><div class="spacer battle-history"><br></div><h2 class="battle-history">Turn 5</h2><div class="spacer battle-history"><br></div><div class="battle-history">The opposing Rotom-Fan used <strong>Volt Switch</strong>!<br></div><div class="battle-history"><small>The mysterious strong winds weakened the attack!</small><br></div><div class="battle-history"><small>(Chum Chum lost 20% of its health!)</small><br></div><div class="spacer battle-history"><br></div><div class="battle-history">The opposing Rotom-Fan went back to Noctrine!<br></div><div class="battle-history">Noctrine sent out <strong>Sandslash-Lustrous</strong>!<br></div><div class="chat"><ul class="utilichart"><li class="result"><span class="col pokemonnamecol" style="white-space: nowrap">Sandslash-Lustrous</span> <span class="col typecol"><img src="https://dragonheaven.herokuapp.com/sprites/types/Ground.png" alt="Ground" height="14" width="32"><img src="https://dragonheaven.herokuapp.com/sprites/types/Fairy.png" alt="Fairy" height="14" width="32"></span> <span style="float: left ; min-height: 26px"><span class="col abilitycol">Sand Rush / Pixilate</span><span class="col abilitycol"></span></span></li><li style="clear: both"></li></ul></div><div class="chat"><ul class="utilichart"><li class="result"><span style="float: left ; min-height: 26px"><span class="col statcol"><em>HP</em><br>79</span> <span class="col statcol"><em>Atk</em><br>125</span> <span class="col statcol"><em>Def</em><br>75</span> <span class="col statcol"><em>SpA</em><br>69</span> <span class="col statcol"><em>SpD</em><br>85</span> <span class="col statcol"><em>Spe</em><br>97</span> </span></li><li style="clear: both"></li></ul></div><div class="spacer battle-history"><br></div><div class="battle-history">Chum Chum used <strong>Volt Switch</strong>!<br></div><div class="battle-history"><small>It doesn't affect the opposing Sandslash-Lustrous...</small><br></div><div class="spacer battle-history"><br></div><div class="battle-history"><small>Chum Chum restored a little HP using its Leftovers!</small><br></div><div class="spacer battle-history"><br></div><h2 class="battle-history">Turn 6</h2><div class="spacer battle-history"><br></div><div class="battle-history">Noctrine withdrew Sandslash-Lustrous!<br></div><div class="battle-history">Noctrine sent out <strong>Rotom-Fan</strong>!<br></div><div class="spacer battle-history"><br></div><div class="battle-history">Chum Chum used <strong>Toxic</strong>!<br></div><div class="battle-history"><small>It doesn't affect the opposing Rotom-Fan...</small><br></div><div class="spacer battle-history"><br></div><div class="battle-history"><small>Chum Chum restored a little HP using its Leftovers!</small><br></div><div class="spacer battle-history"><br></div><h2 class="battle-history">Turn 7</h2><div class="spacer battle-history"><br></div><div class="battle-history">The opposing Rotom-Fan used <strong>Volt Switch</strong>!<br></div><div class="battle-history"><small>The mysterious strong winds weakened the attack!</small><br></div><div class="battle-history"><small>A critical hit!</small><br></div><div class="battle-history"><small>(Chum Chum lost 32% of its health!)</small><br></div><div class="spacer battle-history"><br></div><div class="battle-history">The opposing Rotom-Fan went back to Noctrine!<br></div><div class="battle-history">Noctrine sent out <strong>Slowbro</strong>!<br></div><div class="spacer battle-history"><br></div><div class="battle-history">Chum Chum used <strong>Hidden Power</strong>!<br></div><div class="battle-history"><small>It's not very effective...</small><br></div><div class="battle-history"><small>(The opposing Slowbro lost 10% of its health!)</small><br></div><div class="spacer battle-history"><br></div><div class="battle-history"><small>Chum Chum restored a little HP using its Leftovers!</small><br></div><div class="battle-history"><small>The opposing Slowbro restored a little HP using its Leftovers!</small><br></div><div class="spacer battle-history"><br></div><h2 class="battle-history">Turn 8</h2><div class="spacer battle-history"><br></div><div class="battle-history">Noctrine withdrew Slowbro!<br></div><div class="battle-history">Noctrine sent out <strong>Rotom-Fan</strong>!<br></div><div class="spacer battle-history"><br></div><div class="battle-history">Chum Chum used <strong>Oblivion Wing</strong>!<br></div><div class="battle-history"><small>It's not very effective...</small><br></div><div class="battle-history"><small>(The opposing Rotom-Fan lost 16% of its health!)</small><br></div><div class="battle-history"><small>The opposing Rotom-Fan had its energy drained!</small><br></div><div class="spacer battle-history"><br></div><div class="battle-history"><small>Chum Chum restored a little HP using its Leftovers!</small><br></div><div class="spacer battle-history"><br></div><h2 class="battle-history">Turn 9</h2><div class="spacer battle-history"><br></div><div class="battle-history">The opposing Rotom-Fan used <strong>Trick</strong>!<br></div><div class="battle-history"><small>The opposing Rotom-Fan switched items with its target!</small><br></div><div class="battle-history"><small>Chum Chum obtained one Choice Scarf.</small><br></div><div class="battle-history"><small>The opposing Rotom-Fan obtained one Leftovers.</small><br></div><div class="spacer battle-history"><br></div><div class="battle-history">Chum Chum used <strong>Hidden Power</strong>!<br></div><div class="battle-history"><small>It's super effective!</small><br></div><div class="battle-history"><small>(The opposing Rotom-Fan lost 37% of its health!)</small><br></div><div class="spacer battle-history"><br></div><div class="battle-history"><small>The opposing Rotom-Fan restored a little HP using its Leftovers!</small><br></div><div class="spacer battle-history"><br></div><h2 class="battle-history">Turn 10</h2><div class="spacer battle-history"><br></div><div class="battle-history">Chum Chum, come back!<br></div><div class="battle-history">Go! Fern (<strong>Silvally-Grass</strong>)!<br></div><div class="battle-history"><small>Pointed stones dug into Fern!</small><br></div><div class="chat"><ul class="utilichart"><li class="result"><span class="col pokemonnamecol" style="white-space: nowrap">Silvally-Grass</span> <span class="col typecol"><img src="https://dragonheaven.herokuapp.com/sprites/types/Grass.png" alt="Grass" height="14" width="32"></span> <span style="float: left ; min-height: 26px"><span class="col abilitycol">Grassy Surge</span><span class="col abilitycol"></span></span></li><li style="clear: both"></li></ul></div><div class="chat"><ul class="utilichart"><li class="result"><span style="float: left ; min-height: 26px"><span class="col statcol"><em>HP</em><br>95</span> <span class="col statcol"><em>Atk</em><br>115</span> <span class="col statcol"><em>Def</em><br>95</span> <span class="col statcol"><em>SpA</em><br>95</span> <span class="col statcol"><em>SpD</em><br>95</span> <span class="col statcol"><em>Spe</em><br>105</span> </span></li><li style="clear: both"></li></ul></div><div class="battle-history">[Fern's Grassy Surge]<br><small>Grass grew to cover the battlefield!</small><br></div><div class="battle-history"><small>The mysterious strong winds have dissipated!</small><br></div><div class="spacer battle-history"><br></div><div class="battle-history">Noctrine withdrew Rotom-Fan!<br></div><div class="battle-history">Noctrine sent out <strong>Slowbro</strong>!<br></div><div class="spacer battle-history"><br></div><div class="battle-history"><small>Fern's HP was restored.</small><br></div><div class="battle-history"><small>The opposing Slowbro restored a little HP using its Leftovers!</small><br></div><div class="battle-history"><small>The opposing Slowbro's HP was restored.</small><br></div><div class="spacer battle-history"><br></div><h2 class="battle-history">Turn 11</h2><div class="spacer battle-history"><br></div><div class="battle-history">Noctrine withdrew Slowbro!<br></div><div class="battle-history">Noctrine sent out <strong>Eternatus</strong>!<br></div><div class="chat"><ul class="utilichart"><li class="result"><span class="col pokemonnamecol" style="white-space: nowrap">Eternatus</span> <span class="col typecol"><img src="https://dragonheaven.herokuapp.com/sprites/types/Poison.png" alt="Poison" height="14" width="32"><img src="https://dragonheaven.herokuapp.com/sprites/types/Dragon.png" alt="Dragon" height="14" width="32"></span> <span style="float: left ; min-height: 26px"><span class="col abilitycol">Infiltrator / Magic Bounce</span><span class="col abilitycol"></span></span></li><li style="clear: both"></li></ul></div><div class="chat"><ul class="utilichart"><li class="result"><span style="float: left ; min-height: 26px"><span class="col statcol"><em>HP</em><br>90</span> <span class="col statcol"><em>Atk</em><br>70</span> <span class="col statcol"><em>Def</em><br>60</span> <span class="col statcol"><em>SpA</em><br>130</span> <span class="col statcol"><em>SpD</em><br>95</span> <span class="col statcol"><em>Spe</em><br>110</span> </span></li><li style="clear: both"></li></ul></div><div class="spacer battle-history"><br></div><div class="battle-history">Fern used <strong>Swords Dance</strong>!<br></div><div class="battle-history"><small>Fern's Attack rose sharply!</small><br></div><div class="spacer battle-history"><br></div><div class="battle-history"><small>Fern's HP was restored.</small><br></div><div class="spacer battle-history"><br></div><h2 class="battle-history">Turn 12</h2><div class="chat"><small>+Tapler ❀ joined</small></div><div class="spacer battle-history"><br></div><div class="battle-history">The opposing Eternatus used <strong>Flamethrower</strong>!<br></div><div class="battle-history"><small>It's super effective!</small><br></div><div class="battle-history"><small>(Fern lost 46% of its health!)</small><br></div><div class="spacer battle-history"><br></div><div class="battle-history">Fern used <strong>Superpower</strong>!<br></div><div class="battle-history"><small>It's not very effective...</small><br></div><div class="battle-history"><small>(The opposing Eternatus lost 63% of its health!)</small><br></div><div class="battle-history"><small>Fern's Attack fell!</small><br></div><div class="battle-history"><small>Fern's Defense fell!</small><br></div><div class="battle-history"><small>Fern lost some of its HP!</small><br></div><div class="spacer battle-history"><br></div><div class="battle-history"><small>The opposing Eternatus restored a little HP using its Black Sludge!</small><br></div><div class="battle-history"><small>The opposing Eternatus's HP was restored.</small><br></div><div class="battle-history"><small>Fern's HP was restored.</small><br></div><div class="spacer battle-history"><br></div><h2 class="battle-history">Turn 13</h2><div class="spacer battle-history"><br></div><div class="battle-history">The opposing Eternatus used <strong>Recover</strong>!<br></div><div class="battle-history"><small>The opposing Eternatus had its HP restored.</small><br></div><div class="spacer battle-history"><br></div><div class="battle-history">Fern used <strong>Superpower</strong>!<br></div><div class="battle-history"><small>It's not very effective...</small><br></div><div class="battle-history"><small>(The opposing Eternatus lost 49% of its health!)</small><br></div><div class="battle-history"><small>Fern's Attack fell!</small><br></div><div class="battle-history"><small>Fern's Defense fell!</small><br></div><div class="battle-history"><small>Fern lost some of its HP!</small><br></div><div class="spacer battle-history"><br></div><div class="battle-history"><small>The opposing Eternatus restored a little HP using its Black Sludge!</small><br></div><div class="battle-history"><small>The opposing Eternatus's HP was restored.</small><br></div><div class="battle-history"><small>Fern's HP was restored.</small><br></div><div class="spacer battle-history"><br></div><h2 class="battle-history">Turn 14</h2><div class="spacer battle-history"><br></div><div class="battle-history">The opposing Eternatus used <strong>Flamethrower</strong>!<br></div><div class="battle-history"><small>It's super effective!</small><br></div><div class="battle-history"><small>(Fern lost 46% of its health!)</small><br></div><div class="spacer battle-history"><br></div><div class="battle-history">Fern fainted!<br></div><div class="spacer battle-history"><br></div><div class="battle-history"><small>The opposing Eternatus restored a little HP using its Black Sludge!</small><br></div><div class="battle-history"><small>The opposing Eternatus's HP was restored.</small><br></div><div class="battle-history"><small>The grass disappeared from the battlefield.</small><br></div><div class="spacer battle-history"><br></div><div class="battle-history">Go! Speedy Gonzalez (<strong>Sandslash-Lustrous</strong>)!<br></div><div class="chat"><ul class="utilichart"><li class="result"><span class="col pokemonnamecol" style="white-space: nowrap">Sandslash-Lustrous</span> <span class="col typecol"><img src="https://dragonheaven.herokuapp.com/sprites/types/Ground.png" alt="Ground" height="14" width="32"><img src="https://dragonheaven.herokuapp.com/sprites/types/Fairy.png" alt="Fairy" height="14" width="32"></span> <span style="float: left ; min-height: 26px"><span class="col abilitycol">Sand Rush / Pixilate</span><span class="col abilitycol"></span></span></li><li style="clear: both"></li></ul></div><div class="chat"><ul class="utilichart"><li class="result"><span style="float: left ; min-height: 26px"><span class="col statcol"><em>HP</em><br>79</span> <span class="col statcol"><em>Atk</em><br>125</span> <span class="col statcol"><em>Def</em><br>75</span> <span class="col statcol"><em>SpA</em><br>69</span> <span class="col statcol"><em>SpD</em><br>85</span> <span class="col statcol"><em>Spe</em><br>97</span> </span></li><li style="clear: both"></li></ul></div><div class="battle-history"><small>Pointed stones dug into Speedy Gonzalez!</small><br></div><div class="spacer battle-history"><br></div><h2 class="battle-history">Turn 15</h2><div class="spacer battle-history"><br></div><div class="battle-history">Noctrine withdrew Eternatus!<br></div><div class="battle-history">Noctrine sent out Castform-Thunderst (<strong>Castform-Thunderstorm</strong>)!<br></div><div class="chat"><ul class="utilichart"><li class="result"><span class="col pokemonnamecol" style="white-space: nowrap">Castform-Thunderstorm</span> <span class="col typecol"><img src="https://dragonheaven.herokuapp.com/sprites/types/Water.png" alt="Water" height="14" width="32"><img src="https://dragonheaven.herokuapp.com/sprites/types/Electric.png" alt="Electric" height="14" width="32"></span> <span style="float: left ; min-height: 26px"><span class="col abilitycol">Levitate / Water Absorb / Sharpshooter</span><span class="col abilitycol"></span></span></li><li style="clear: both"></li></ul></div><div class="chat"><ul class="utilichart"><li class="result"><span style="float: left ; min-height: 26px"><span class="col statcol"><em>HP</em><br>75</span> <span class="col statcol"><em>Atk</em><br>80</span> <span class="col statcol"><em>Def</em><br>70</span> <span class="col statcol"><em>SpA</em><br>100</span> <span class="col statcol"><em>SpD</em><br>110</span> <span class="col statcol"><em>Spe</em><br>115</span> </span></li><li style="clear: both"></li></ul></div><div class="spacer battle-history"><br></div><div class="battle-history">Speedy Gonzalez used <strong>Earthquake</strong>!<br></div><div class="battle-history">[The opposing Castform-Thunderst's Levitate]<br><small>It doesn't affect the opposing Castform-Thunderst...</small><br></div><div class="spacer battle-history"><br></div><div class="battle-history"><small>Speedy Gonzalez restored a little HP using its Leftovers!</small><br></div><div class="spacer battle-history"><br></div><h2 class="battle-history">Turn 16</h2><div class="spacer battle-history"><br></div><div class="battle-history">Speedy Gonzalez, come back!<br></div><div class="battle-history">Go! King Julian (<strong>Slowking</strong>)!<br></div><div class="chat"><ul class="utilichart"><li class="result"><span class="col pokemonnamecol" style="white-space: nowrap">Slowking</span> <span class="col typecol"><img src="https://dragonheaven.herokuapp.com/sprites/types/Water.png" alt="Water" height="14" width="32"><img src="https://dragonheaven.herokuapp.com/sprites/types/Electric.png" alt="Electric" height="14" width="32"></span> <span style="float: left ; min-height: 26px"><span class="col abilitycol">Own Tempo / Natural Cure / Electric Surge</span><span class="col abilitycol"></span></span></li><li style="clear: both"></li></ul></div><div class="chat"><ul class="utilichart"><li class="result"><span style="float: left ; min-height: 26px"><span class="col statcol"><em>HP</em><br>95</span> <span class="col statcol"><em>Atk</em><br>75</span> <span class="col statcol"><em>Def</em><br>75</span> <span class="col statcol"><em>SpA</em><br>90</span> <span class="col statcol"><em>SpD</em><br>135</span> <span class="col statcol"><em>Spe</em><br>30</span> </span></li><li style="clear: both"></li></ul></div><div class="spacer battle-history"><br></div><div class="battle-history">The opposing Castform-Thunderst used <strong>Hydro Pump</strong>!<br></div><div class="battle-history"><small>It's not very effective...</small><br></div><div class="battle-history"><small>(King Julian lost 12% of its health!)</small><br></div><div class="spacer battle-history"><br></div><h2 class="battle-history">Turn 17</h2><div class="spacer battle-history"><br></div><div class="battle-history">Noctrine withdrew Castform-Thunderst!<br></div><div class="battle-history">Noctrine sent out <strong>Eternatus</strong>!<br></div><div class="spacer battle-history"><br></div><div class="battle-history">King Julian used <strong>Discharge</strong>!<br></div><div class="battle-history"><small>It's not very effective...</small><br></div><div class="battle-history"><small>(The opposing Eternatus lost 12% of its health!)</small><br></div><div class="spacer battle-history"><br></div><div class="battle-history"><small>The opposing Eternatus restored a little HP using its Black Sludge!</small><br></div><div class="spacer battle-history"><br></div><h2 class="battle-history">Turn 18</h2><div class="spacer battle-history"><br></div><div class="battle-history">Noctrine withdrew Eternatus!<br></div><div class="battle-history">Noctrine sent out <strong>Sandslash-Lustrous</strong>!<br></div><div class="spacer battle-history"><br></div><div class="battle-history">King Julian used <strong>Teleport</strong>!<br></div><div class="spacer battle-history"><br></div><div class="battle-history">King Julian, come back!<br></div><div class="battle-history">Go! Curious George (<strong>Darmanitan</strong>)!<br></div><div class="battle-history"><small>Pointed stones dug into Curious George!</small><br></div><div class="spacer battle-history"><br></div><h2 class="battle-history">Turn 19</h2><div class="spacer battle-history"><br></div><div class="battle-history">Noctrine withdrew Sandslash-Lustrous!<br></div><div class="battle-history">Noctrine sent out <strong>Slowbro</strong>!<br></div><div class="spacer battle-history"><br></div><div class="battle-history">Curious George used <strong>Flare Blitz</strong>!<br></div><div class="battle-history"><small>It's not very effective...</small><br></div><div class="battle-history"><small>A critical hit!</small><br></div><div class="battle-history"><small>(The opposing Slowbro lost 26% of its health!)</small><br></div><div class="battle-history"><small>Curious George was damaged by the recoil!</small><br></div><div class="spacer battle-history"><br></div><div class="battle-history"><small>The opposing Slowbro restored a little HP using its Leftovers!</small><br></div><div class="spacer battle-history"><br></div><h2 class="battle-history">Turn 20</h2><div class="spacer battle-history"><br></div><div class="battle-history">Curious George, come back!<br></div><div class="battle-history">Go! Chum Chum (<strong>Rotom-Fan</strong>)!<br></div><div class="battle-history"><small>Pointed stones dug into Chum Chum!</small><br></div><div class="battle-history">[Chum Chum's Delta Stream]<br><small>Mysterious strong winds are protecting Flying-type Pokémon!</small><br></div><div class="spacer battle-history"><br></div><div class="battle-history">The opposing Slowbro used <strong>Teleport</strong>!<br></div><div class="spacer battle-history"><br></div><div class="battle-history">Noctrine withdrew Slowbro!<br></div><div class="battle-history">Noctrine sent out <strong>Darmanitan</strong>!<br></div><div class="spacer battle-history"><br></div><h2 class="battle-history">Turn 21</h2><div class="spacer battle-history"><br></div><div class="battle-history">The opposing Darmanitan used <strong>Fire Fang</strong>!<br></div><div class="battle-history"><small>It's super effective!</small><br></div><div class="battle-history"><small>(Chum Chum lost 71% of its health!)</small><br></div><div class="spacer battle-history"><br></div><div class="battle-history">Chum Chum fainted!<br></div><div class="battle-history"><small>The mysterious strong winds have dissipated!</small><br></div><div class="chat"><small>+rezzo64 left</small></div><div class="spacer battle-history"><br></div><div class="battle-history">Go! Speedy Gonzalez (<strong>Sandslash-Lustrous</strong>)!<br></div><div class="battle-history"><small>Pointed stones dug into Speedy Gonzalez!</small><br></div><div class="spacer battle-history"><br></div><h2 class="battle-history">Turn 22</h2><div class="spacer battle-history"><br></div><div class="battle-history">The opposing Darmanitan used <strong>Fire Fang</strong>!<br></div><div class="battle-history"><small>(Speedy Gonzalez lost 76% of its health!)</small><br></div><div class="battle-history"><small>Speedy Gonzalez was burned!</small><br></div><div class="spacer battle-history"><br></div><div class="battle-history">Speedy Gonzalez used <strong>Rapid Spin</strong>!<br></div><div class="battle-history"><small>(The opposing Darmanitan lost 20% of its health!)</small><br></div><div class="battle-history"><small>Speedy Gonzalez's Speed rose!</small><br></div><div class="battle-history"><small>The pointed stones disappeared from around your team!</small><br></div><div class="spacer battle-history"><br></div><div class="battle-history"><small>Speedy Gonzalez restored a little HP using its Leftovers!</small><br></div><div class="battle-history"><small>Speedy Gonzalez was hurt by its burn!</small><br></div><div class="spacer battle-history"><br></div><h2 class="battle-history">Turn 23</h2><div class="chat chatmessage-redwoodrogue"><strong style="color:#ba3891"><small>☆</small><span class="username" data-name="Redwood Rogue">Redwood Rogue</span>:</strong> <em>fucking</em></div><div class="chat chatmessage-redwoodrogue"><strong style="color:#ba3891"><small>☆</small><span class="username" data-name="Redwood Rogue">Redwood Rogue</span>:</strong> <em>I love rng</em></div><div class="chat chatmessage-redwoodrogue"><strong style="color:#ba3891"><small>☆</small><span class="username" data-name="Redwood Rogue">Redwood Rogue</span>:</strong> <em>so much</em></div><div class="chat chatmessage-redwoodrogue"><strong style="color:#ba3891"><small>☆</small><span class="username" data-name="Redwood Rogue">Redwood Rogue</span>:</strong> <em>It's so sick and awesome and cool</em></div><div class="spacer battle-history"><br></div><div class="battle-history">Speedy Gonzalez used <strong>Earthquake</strong>!<br></div><div class="battle-history"><small>It's super effective!</small><br></div><div class="battle-history"><small>(The opposing Darmanitan lost 68% of its health!)</small><br></div><div class="spacer battle-history"><br></div><div class="battle-history">The opposing Darmanitan used <strong>Fire Fang</strong>!<br></div><div class="battle-history"><small>(Speedy Gonzalez lost 19% of its health!)</small><br></div><div class="spacer battle-history"><br></div><div class="battle-history">Speedy Gonzalez fainted!<br></div><div class="chat chatmessage-noctrine"><strong style="color:#2fa522"><small>☆</small><span class="username" data-name="Noctrine">Noctrine</span>:</strong> <em>mb dude</em></div><div class="chat chatmessage-redwoodrogue"><strong style="color:#ba3891"><small>☆</small><span class="username" data-name="Redwood Rogue">Redwood Rogue</span>:</strong> <em>nah it</em></div><div class="chat chatmessage-redwoodrogue"><strong style="color:#ba3891"><small>☆</small><span class="username" data-name="Redwood Rogue">Redwood Rogue</span>:</strong> <em>it's not your fault lmao</em></div><div class="spacer battle-history"><br></div><div class="battle-history">Go! Clifford (<strong>Eternatus</strong>)!<br></div><div class="chat"><ul class="utilichart"><li class="result"><span class="col pokemonnamecol" style="white-space: nowrap">Eternatus</span> <span class="col typecol"><img src="https://dragonheaven.herokuapp.com/sprites/types/Poison.png" alt="Poison" height="14" width="32"><img src="https://dragonheaven.herokuapp.com/sprites/types/Dragon.png" alt="Dragon" height="14" width="32"></span> <span style="float: left ; min-height: 26px"><span class="col abilitycol">Infiltrator / Magic Bounce</span><span class="col abilitycol"></span></span></li><li style="clear: both"></li></ul></div><div class="chat"><ul class="utilichart"><li class="result"><span style="float: left ; min-height: 26px"><span class="col statcol"><em>HP</em><br>90</span> <span class="col statcol"><em>Atk</em><br>70</span> <span class="col statcol"><em>Def</em><br>60</span> <span class="col statcol"><em>SpA</em><br>130</span> <span class="col statcol"><em>SpD</em><br>95</span> <span class="col statcol"><em>Spe</em><br>110</span> </span></li><li style="clear: both"></li></ul></div><div class="spacer battle-history"><br></div><h2 class="battle-history">Turn 24</h2><div class="chat chatmessage-tapler"><strong style="color:#b48122"><small>+</small><span class="username" data-name="Tapler ❀">Tapler ❀</span>:</strong> <em>bold of you to assume noctrine isn’t a secret luck god</em></div><div class="spacer battle-history"><br></div><div class="battle-history">Noctrine withdrew Darmanitan!<br></div><div class="battle-history">Noctrine sent out Castform-Thunderst (<strong>Castform-Thunderstorm</strong>)!<br></div><div class="spacer battle-history"><br></div><div class="battle-history">Clifford used <strong>Sludge Bomb</strong>!<br></div><div class="battle-history"><small>(The opposing Castform-Thunderst lost 47% of its health!)</small><br></div><div class="battle-history"><small>The opposing Castform-Thunderst was poisoned!</small><br></div><div class="spacer battle-history"><br></div><div class="battle-history"><small>The opposing Castform-Thunderst was hurt by poison!</small><br></div><div class="spacer battle-history"><br></div><h2 class="battle-history">Turn 25</h2><div class="chat chatmessage-redwoodrogue"><strong style="color:#ba3891"><small>☆</small><span class="username" data-name="Redwood Rogue">Redwood Rogue</span>:</strong> <em>bold of you to assume I knew who Noctrine was</em></div><div class="chat chatmessage-tapler"><strong style="color:#b48122"><small>+</small><span class="username" data-name="Tapler ❀">Tapler ❀</span>:</strong> <em><s>ok nm that proves they’re not</s></em></div><div class="spacer battle-history"><br></div><div class="battle-history">The opposing Castform-Thunderst used <strong>Ice Beam</strong>!<br></div><div class="battle-history"><small>It's super effective!</small><br></div><div class="battle-history"><small>(Clifford lost 65% of its health!)</small><br></div><div class="spacer battle-history"><br></div><div class="battle-history">Clifford used <strong>Sludge Bomb</strong>!<br></div><div class="battle-history"><small>(The opposing Castform-Thunderst lost 41% of its health!)</small><br></div><div class="spacer battle-history"><br></div><div class="battle-history">The opposing Castform-Thunderst fainted!<br></div><div class="spacer battle-history"><br></div><div class="battle-history"><small>Clifford restored a little HP using its Black Sludge!</small><br></div><div class="spacer battle-history"><br></div><div class="battle-history">Noctrine sent out <strong>Sandslash-Lustrous</strong>!<br></div><div class="spacer battle-history"><br></div><h2 class="battle-history">Turn 26</h2><div class="spacer battle-history"><br></div><div class="battle-history">Clifford used <strong>Sludge Bomb</strong>!<br></div><div class="battle-history"><small>(The opposing Sandslash-Lustrous lost 56% of its health!)</small><br></div><div class="battle-history"><small>The opposing Sandslash-Lustrous was poisoned!</small><br></div><div class="spacer battle-history"><br></div><div class="battle-history">The opposing Sandslash-Lustrous used <strong>Rapid Spin</strong>!<br></div><div class="battle-history"><small>(Clifford lost 41% of its health!)</small><br></div><div class="battle-history"><small>The opposing Sandslash-Lustrous's Speed rose!</small><br></div><div class="spacer battle-history"><br></div><div class="battle-history">Clifford fainted!<br></div><div class="spacer battle-history"><br></div><div class="battle-history"><small>The opposing Sandslash-Lustrous restored a little HP using its Leftovers!</small><br></div><div class="battle-history"><small>The opposing Sandslash-Lustrous was hurt by poison!</small><br></div><div class="spacer battle-history"><br></div><div class="battle-history">Go! Curious George (<strong>Darmanitan</strong>)!<br></div><div class="spacer battle-history"><br></div><h2 class="battle-history">Turn 27</h2><div class="chat chatmessage-noctrine"><strong style="color:#2fa522"><small>☆</small><span class="username" data-name="Noctrine">Noctrine</span>:</strong> <em>gg</em></div><div class="spacer battle-history"><br></div><div class="battle-history">The opposing Sandslash-Lustrous used <strong>Earthquake</strong>!<br></div><div class="battle-history"><small>It's super effective!</small><br></div><div class="battle-history"><small>(Curious George lost 34% of its health!)</small><br></div><div class="spacer battle-history"><br></div><div class="battle-history">Curious George fainted!<br></div><div class="spacer battle-history"><br></div><div class="battle-history"><small>The opposing Sandslash-Lustrous restored a little HP using its Leftovers!</small><br></div><div class="battle-history"><small>The opposing Sandslash-Lustrous was hurt by poison!</small><br></div><div class="chat chatmessage-redwoodrogue"><strong style="color:#ba3891"><small>☆</small><span class="username" data-name="Redwood Rogue">Redwood Rogue</span>:</strong> <em>that outspeeds scarf?</em></div><div class="chat"><small>+Tapler ❀ left</small></div><div class="chat chatmessage-redwoodrogue"><strong style="color:#ba3891"><small>☆</small><span class="username" data-name="Redwood Rogue">Redwood Rogue</span>:</strong> <em>zamn</em></div><div class="spacer battle-history"><br></div><div class="battle-history">Go! King Julian (<strong>Slowking</strong>)!<br></div><div class="spacer battle-history"><br></div><h2 class="battle-history">Turn 28</h2><div class="chat chatmessage-noctrine"><strong style="color:#2fa522"><small>☆</small><span class="username" data-name="Noctrine">Noctrine</span>:</strong> <em>yea u </em></div><div class="chat chatmessage-noctrine"><strong style="color:#2fa522"><small>☆</small><span class="username" data-name="Noctrine">Noctrine</span>:</strong> <em>hit me with the same thing </em></div><div class="chat chatmessage-noctrine"><strong style="color:#2fa522"><small>☆</small><span class="username" data-name="Noctrine">Noctrine</span>:</strong> <em>like 5 turns ago-</em></div><div class="chat chatmessage-redwoodrogue"><strong style="color:#ba3891"><small>☆</small><span class="username" data-name="Redwood Rogue">Redwood Rogue</span>:</strong> <em>lol, lmao</em></div><div class="spacer battle-history"><br></div><div class="battle-history">The opposing Sandslash-Lustrous used <strong>Earthquake</strong>!<br></div><div class="battle-history"><small>It's super effective!</small><br></div><div class="battle-history"><small>(King Julian lost 88% of its health!)</small><br></div><div class="spacer battle-history"><br></div><div class="battle-history">King Julian fainted!<br></div><div class="spacer battle-history"><br></div><div class="battle-history"><strong>Noctrine</strong> won the battle!<br></div><div class="chat chatmessage-redwoodrogue"><strong style="color:#ba3891"><small>☆</small><span class="username" data-name="Redwood Rogue">Redwood Rogue</span>:</strong> <em>ggs</em></div><div class="chat"><small>+Tapler ❀ joined</small></div><div class="chat chatmessage-noctrine"><strong style="color:#2fa522"><small>☆</small><span class="username" data-name="Noctrine">Noctrine</span>:</strong> <em>ggs</em></div><div class="chat"><small> OmastarOmastar joined; +Tapler ❀ and  OmastarOmastar left</small></div></div><div class="inner-preempt message-log"></div></div></div>
</div>
<script>
let daily = Math.floor(Date.now()/1000/60/60/24);document.write('<script src="https://dragonheaven.herokuapp.com/js/replay-embed.js?version'+daily+'"></'+'script>');
</script>
