<!DOCTYPE html>
<meta charset="utf-8" />
<!-- version 1 -->
<title>[Gen 3] Hoenn Gaiden replay: bynum vs. 447323a</title>
<style>
html,body {font-family:Verdana, sans-serif;font-size:10pt;margin:0;padding:0;}body{padding:12px 0;} .battle-log {font-family:Verdana, sans-serif;font-size:10pt;} .battle-log-inline {border:1px solid #AAAAAA;background:#EEF2F5;color:black;max-width:640px;margin:0 auto 80px;padding-bottom:5px;} .battle-log .inner {padding:4px 8px 0px 8px;} .battle-log .inner-preempt {padding:0 8px 4px 8px;} .battle-log .inner-after {margin-top:0.5em;} .battle-log h2 {margin:0.5em -8px;padding:4px 8px;border:1px solid #AAAAAA;background:#E0E7EA;border-left:0;border-right:0;font-family:Verdana, sans-serif;font-size:13pt;} .battle-log .chat {vertical-align:middle;padding:3px 0 3px 0;font-size:8pt;} .battle-log .chat strong {color:#40576A;} .battle-log .chat em {padding:1px 4px 1px 3px;color:#000000;font-style:normal;} .chat.mine {background:rgba(0,0,0,0.05);margin-left:-8px;margin-right:-8px;padding-left:8px;padding-right:8px;} .spoiler {color:#BBBBBB;background:#BBBBBB;padding:0px 3px;} .spoiler:hover, .spoiler:active, .spoiler-shown {color:#000000;background:#E2E2E2;padding:0px 3px;} .spoiler a {color:#BBBBBB;} .spoiler:hover a, .spoiler:active a, .spoiler-shown a {color:#2288CC;} .chat code, .chat .spoiler:hover code, .chat .spoiler:active code, .chat .spoiler-shown code {border:1px solid #C0C0C0;background:#EEEEEE;color:black;padding:0 2px;} .chat .spoiler code {border:1px solid #CCCCCC;background:#CCCCCC;color:#CCCCCC;} .battle-log .rated {padding:3px 4px;} .battle-log .rated strong {color:white;background:#89A;padding:1px 4px;border-radius:4px;} .spacer {margin-top:0.5em;} .message-announce {background:#6688AA;color:white;padding:1px 4px 2px;} .message-announce a, .broadcast-green a, .broadcast-blue a, .broadcast-red a {color:#DDEEFF;} .broadcast-green {background-color:#559955;color:white;padding:2px 4px;} .broadcast-blue {background-color:#6688AA;color:white;padding:2px 4px;} .infobox {border:1px solid #6688AA;padding:2px 4px;} .infobox-limited {max-height:200px;overflow:auto;overflow-x:hidden;} .broadcast-red {background-color:#AA5544;color:white;padding:2px 4px;} .message-learn-canlearn {font-weight:bold;color:#228822;text-decoration:underline;} .message-learn-cannotlearn {font-weight:bold;color:#CC2222;text-decoration:underline;} .message-effect-weak {font-weight:bold;color:#CC2222;} .message-effect-resist {font-weight:bold;color:#6688AA;} .message-effect-immune {font-weight:bold;color:#666666;} .message-learn-list {margin-top:0;margin-bottom:0;} .message-throttle-notice, .message-error {color:#992222;} .message-overflow, .chat small.message-overflow {font-size:0pt;} .message-overflow::before {font-size:9pt;content:'...';} .subtle {color:#3A4A66;}
</style>
<div class="wrapper replay-wrapper" style="max-width:1180px;margin:0 auto">
<input type="hidden" name="replayid" value="dragonheaven-dragonheaven-gen3hoenngaiden-8-lrkex3uwuns5ob2m81n0ccfa5r1fs4rpw" />
<div class="battle"></div><div class="battle-log"></div><div class="replay-controls"></div><div class="replay-controls-2"></div>
<h1 style="font-weight:normal;text-align:center"><strong>[Gen 3] Hoenn Gaiden</strong><br /><a href="http://pokemonshowdown.com/users/bynum" class="subtle" target="_blank">bynum</a> vs. <a href="http://pokemonshowdown.com/users/447323a" class="subtle" target="_blank">447323a</a></h1>
<script type="text/plain" class="battle-log-data">|raw|<div class="broadcast-red"><strong>This battle is invite-only!<\/strong><br \/>Users must be invited with <code>\/invite<\/code> (or be staff) to join<\/div>
|j|☆bynum
|j|☆447323a
|t:|1651327240
|player|p1|bynum|170|
|player|p2|447323a|skier|
|teamsize|p1|6
|teamsize|p2|6
|gametype|singles
|gen|3
|tier|[Gen 3] Hoenn Gaiden
|rule|Sleep Clause Mod: Limit one foe put to sleep
|rule|Switch Priority Clause Mod: Faster Pokémon switch first
|rule|Species Clause: Limit one of each Pokémon
|rule|OHKO Clause: OHKO moves are banned
|rule|Moody Clause: Moody is banned
|rule|Evasion Moves Clause: Evasion moves are banned
|rule|Endless Battle Clause: Forcing endless battles is banned
|rule|HP Percentage Mod: HP is shown in percentages
|raw|<img src="https:\/\/cdn.discordapp.com\/attachments\/510822010922860545\/864665757446045716\/Hoenn_Gaiden_Banner.png" height="213" width="381">
|-message|Welcome to Hoenn Gaiden!
|-message|This is a [Gen 3] OU-based format where we add later generation Pokemon, items, moves, and abilities, as well as change up existing ones!
|-message|You can find our thread and metagame resources here:
|-message|https:\/\/www.smogon.com\/forums\/threads\/hoenn-gaiden-pet-mod-of-the-season-slate-8-concept-voting.3681339\/
|
|t:|1651327241
|start
|switch|p1a: Hariyama|Hariyama, F|100\/100
|switch|p2a: Kleavor|Kleavor, F|100\/100
|-start|p2a: Kleavor|typechange|Bug\/Rock|[silent]
|raw|<ul class="utilichart"><li class="result"><span class="col pokemonnamecol" style="white-space: nowrap">Kleavor<\/span> <span class="col typecol"><img src="https:\/\/dragonheaven.herokuapp.com\/sprites\/types\/Bug.png" alt="Bug" height="14" width="32"><img src="https:\/\/dragonheaven.herokuapp.com\/sprites\/types\/Rock.png" alt="Rock" height="14" width="32"><\/span> <span style="float: left ; min-height: 26px"><span class="col abilitycol">Swarm<\/span><span class="col abilitycol"><\/span><\/span><\/li><li style="clear: both"><\/li><\/ul>
|raw|<ul class="utilichart"><li class="result"><span style="float: left ; min-height: 26px"><span class="col statcol"><em>HP<\/em><br>70<\/span> <span class="col statcol"><em>Atk<\/em><br>135<\/span> <span class="col statcol"><em>Def<\/em><br>95<\/span> <span class="col statcol"><em>SpA<\/em><br>45<\/span> <span class="col statcol"><em>SpD<\/em><br>70<\/span> <span class="col statcol"><em>Spe<\/em><br>85<\/span> <\/span><\/li><li style="clear: both"><\/li><\/ul>
|-start|p1a: Hariyama|typechange|Fighting|[silent]
|raw|<ul class="utilichart"><li class="result"><span class="col pokemonnamecol" style="white-space: nowrap">Hariyama<\/span> <span class="col typecol"><img src="https:\/\/dragonheaven.herokuapp.com\/sprites\/types\/Fighting.png" alt="Fighting" height="14" width="32"><\/span> <span style="float: left ; min-height: 26px"><span class="col abilitycol">Thick Fat \/ Guts<\/span><span class="col abilitycol"><\/span><\/span><\/li><li style="clear: both"><\/li><\/ul>
|raw|<ul class="utilichart"><li class="result"><span style="float: left ; min-height: 26px"><span class="col statcol"><em>HP<\/em><br>144<\/span> <span class="col statcol"><em>Atk<\/em><br>120<\/span> <span class="col statcol"><em>Def<\/em><br>60<\/span> <span class="col statcol"><em>SpA<\/em><br>40<\/span> <span class="col statcol"><em>SpD<\/em><br>60<\/span> <span class="col statcol"><em>Spe<\/em><br>50<\/span> <\/span><\/li><li style="clear: both"><\/li><\/ul>
|turn|1
|inactive|Battle timer is ON: inactive players will automatically lose when time's up. (requested by 447323a)
|c|☆447323a|glhf
|c|☆bynum|u2
|
|t:|1651327267
|move|p2a: Kleavor|Lunge|p1a: Hariyama
|-resisted|p1a: Hariyama
|-damage|p1a: Hariyama|60\/100
|-unboost|p1a: Hariyama|atk|1
|move|p1a: Hariyama|Knock Off|p2a: Kleavor
|-damage|p2a: Kleavor|97\/100
|-enditem|p2a: Kleavor|Choice Band|[from] move: Knock Off|[of] p1a: Hariyama
|
|-heal|p1a: Hariyama|66\/100|[from] item: Leftovers
|upkeep
|turn|2
|
|t:|1651327278
|switch|p1a: Jellicent|Jellicent, M|100\/100
|-start|p1a: Jellicent|typechange|Water\/Ghost|[silent]
|raw|<ul class="utilichart"><li class="result"><span class="col pokemonnamecol" style="white-space: nowrap">Jellicent<\/span> <span class="col typecol"><img src="https:\/\/dragonheaven.herokuapp.com\/sprites\/types\/Water.png" alt="Water" height="14" width="32"><img src="https:\/\/dragonheaven.herokuapp.com\/sprites\/types\/Ghost.png" alt="Ghost" height="14" width="32"><\/span> <span style="float: left ; min-height: 26px"><span class="col abilitycol">Water Absorb<\/span><span class="col abilitycol"><\/span><\/span><\/li><li style="clear: both"><\/li><\/ul>
|raw|<ul class="utilichart"><li class="result"><span style="float: left ; min-height: 26px"><span class="col statcol"><em>HP<\/em><br>100<\/span> <span class="col statcol"><em>Atk<\/em><br>60<\/span> <span class="col statcol"><em>Def<\/em><br>70<\/span> <span class="col statcol"><em>SpA<\/em><br>85<\/span> <span class="col statcol"><em>SpD<\/em><br>105<\/span> <span class="col statcol"><em>Spe<\/em><br>60<\/span> <\/span><\/li><li style="clear: both"><\/li><\/ul>
|move|p2a: Kleavor|Steel Wing|p1a: Jellicent|[miss]
|-miss|p2a: Kleavor|p1a: Jellicent
|
|upkeep
|turn|3
|
|t:|1651327293
|switch|p2a: Regieleki|Regieleki|100\/100
|-start|p2a: Regieleki|typechange|Electric|[silent]
|raw|<ul class="utilichart"><li class="result"><span class="col pokemonnamecol" style="white-space: nowrap">Regieleki<\/span> <span class="col typecol"><img src="https:\/\/dragonheaven.herokuapp.com\/sprites\/types\/Electric.png" alt="Electric" height="14" width="32"><\/span> <span style="float: left ; min-height: 26px"><span class="col abilitycol">Clear Body<\/span><span class="col abilitycol"><\/span><\/span><\/li><li style="clear: both"><\/li><\/ul>
|raw|<ul class="utilichart"><li class="result"><span style="float: left ; min-height: 26px"><span class="col statcol"><em>HP<\/em><br>80<\/span> <span class="col statcol"><em>Atk<\/em><br>50<\/span> <span class="col statcol"><em>Def<\/em><br>100<\/span> <span class="col statcol"><em>SpA<\/em><br>50<\/span> <span class="col statcol"><em>SpD<\/em><br>100<\/span> <span class="col statcol"><em>Spe<\/em><br>200<\/span> <\/span><\/li><li style="clear: both"><\/li><\/ul>
|move|p1a: Jellicent|Will-O-Wisp|p2a: Regieleki|[miss]
|-miss|p1a: Jellicent|p2a: Regieleki
|
|upkeep
|turn|4
|
|t:|1651327303
|switch|p1a: Celebi|Celebi|100\/100
|move|p2a: Regieleki|Toxic|p1a: Celebi
|-status|p1a: Celebi|tox
|
|-damage|p1a: Celebi|94\/100 tox|[from] psn
|upkeep
|turn|5
|
|t:|1651327315
|move|p2a: Regieleki|Taunt|p1a: Celebi
|-start|p1a: Celebi|move: Taunt
|move|p1a: Celebi|Giga Drain|p2a: Regieleki
|-damage|p2a: Regieleki|70\/100
|-heal|p1a: Celebi|100\/100 tox|[from] drain|[of] p2a: Regieleki
|
|-heal|p2a: Regieleki|76\/100|[from] item: Leftovers
|-damage|p1a: Celebi|88\/100 tox|[from] psn
|upkeep
|turn|6
|
|t:|1651327333
|move|p2a: Regieleki|Hidden Power|p1a: Celebi
|-supereffective|p1a: Celebi
|-damage|p1a: Celebi|61\/100 tox
|move|p1a: Celebi|Psychic|p2a: Regieleki
|-damage|p2a: Regieleki|40\/100
|
|-heal|p2a: Regieleki|46\/100|[from] item: Leftovers
|-heal|p1a: Celebi|67\/100 tox|[from] item: Leftovers
|-damage|p1a: Celebi|49\/100 tox|[from] psn
|upkeep
|turn|7
|
|t:|1651327348
|switch|p2a: Kleavor|Kleavor, F|97\/100
|-start|p2a: Kleavor|typechange|Bug\/Rock|[silent]
|move|p1a: Celebi|Psychic|p2a: Kleavor
|-damage|p2a: Kleavor|45\/100
|
|-heal|p1a: Celebi|55\/100 tox|[from] item: Leftovers
|-damage|p1a: Celebi|30\/100 tox|[from] psn
|-end|p1a: Celebi|move: Taunt
|upkeep
|turn|8
|
|t:|1651327356
|-curestatus|p1a: Celebi|tox|[from] ability: Natural Cure
|switch|p1a: Hariyama|Hariyama, F|66\/100
|-start|p1a: Hariyama|typechange|Fighting|[silent]
|move|p2a: Kleavor|Lunge|p1a: Hariyama
|-resisted|p1a: Hariyama
|-damage|p1a: Hariyama|38\/100
|-unboost|p1a: Hariyama|atk|1
|
|-heal|p1a: Hariyama|44\/100|[from] item: Leftovers
|upkeep
|turn|9
|
|t:|1651327369
|move|p2a: Kleavor|Rock Slide|p1a: Hariyama
|-resisted|p1a: Hariyama
|-damage|p1a: Hariyama|20\/100
|move|p1a: Hariyama|Brick Break|p2a: Kleavor
|-damage|p2a: Kleavor|10\/100
|
|-heal|p1a: Hariyama|26\/100|[from] item: Leftovers
|upkeep
|turn|10
|
|t:|1651327376
|move|p2a: Kleavor|Lunge|p1a: Hariyama
|-resisted|p1a: Hariyama
|-damage|p1a: Hariyama|0 fnt
|faint|p1a: Hariyama
|
|t:|1651327381
|switch|p1a: Gengar|Gengar, M|100\/100
|-start|p1a: Gengar|typechange|Ghost\/Poison|[silent]
|raw|<ul class="utilichart"><li class="result"><span class="col pokemonnamecol" style="white-space: nowrap">Gengar<\/span> <span class="col typecol"><img src="https:\/\/dragonheaven.herokuapp.com\/sprites\/types\/Ghost.png" alt="Ghost" height="14" width="32"><img src="https:\/\/dragonheaven.herokuapp.com\/sprites\/types\/Poison.png" alt="Poison" height="14" width="32"><\/span> <span style="float: left ; min-height: 26px"><span class="col abilitycol">Levitate<\/span><span class="col abilitycol"><\/span><\/span><\/li><li style="clear: both"><\/li><\/ul>
|raw|<ul class="utilichart"><li class="result"><span style="float: left ; min-height: 26px"><span class="col statcol"><em>HP<\/em><br>60<\/span> <span class="col statcol"><em>Atk<\/em><br>65<\/span> <span class="col statcol"><em>Def<\/em><br>60<\/span> <span class="col statcol"><em>SpA<\/em><br>130<\/span> <span class="col statcol"><em>SpD<\/em><br>75<\/span> <span class="col statcol"><em>Spe<\/em><br>110<\/span> <\/span><\/li><li style="clear: both"><\/li><\/ul>
|
|upkeep
|turn|11
|
|t:|1651327395
|move|p1a: Gengar|Ice Punch|p2a: Kleavor
|-damage|p2a: Kleavor|0 fnt
|faint|p2a: Kleavor
|
|t:|1651327397
|switch|p2a: Tyranitar|Tyranitar, M|100\/100
|-start|p2a: Tyranitar|typechange|Rock\/Dark|[silent]
|raw|<ul class="utilichart"><li class="result"><span class="col pokemonnamecol" style="white-space: nowrap">Tyranitar<\/span> <span class="col typecol"><img src="https:\/\/dragonheaven.herokuapp.com\/sprites\/types\/Rock.png" alt="Rock" height="14" width="32"><img src="https:\/\/dragonheaven.herokuapp.com\/sprites\/types\/Dark.png" alt="Dark" height="14" width="32"><\/span> <span style="float: left ; min-height: 26px"><span class="col abilitycol">Sand Stream<\/span><span class="col abilitycol"><\/span><\/span><\/li><li style="clear: both"><\/li><\/ul>
|raw|<ul class="utilichart"><li class="result"><span style="float: left ; min-height: 26px"><span class="col statcol"><em>HP<\/em><br>100<\/span> <span class="col statcol"><em>Atk<\/em><br>134<\/span> <span class="col statcol"><em>Def<\/em><br>110<\/span> <span class="col statcol"><em>SpA<\/em><br>95<\/span> <span class="col statcol"><em>SpD<\/em><br>100<\/span> <span class="col statcol"><em>Spe<\/em><br>61<\/span> <\/span><\/li><li style="clear: both"><\/li><\/ul>
|-weather|Sandstorm|[from] ability: Sand Stream|[of] p2a: Tyranitar
|
|-weather|Sandstorm|[upkeep]
|-damage|p1a: Gengar|94\/100|[from] Sandstorm
|-heal|p1a: Gengar|100\/100|[from] item: Leftovers
|upkeep
|turn|12
|
|t:|1651327412
|switch|p1a: Jellicent|Jellicent, M|100\/100
|-start|p1a: Jellicent|typechange|Water\/Ghost|[silent]
|move|p2a: Tyranitar|Dragon Dance|p2a: Tyranitar
|-boost|p2a: Tyranitar|atk|1
|-boost|p2a: Tyranitar|spe|1
|
|-weather|Sandstorm|[upkeep]
|-damage|p1a: Jellicent|94\/100|[from] Sandstorm
|-heal|p1a: Jellicent|100\/100|[from] item: Leftovers
|upkeep
|turn|13
|
|t:|1651327417
|move|p2a: Tyranitar|Taunt|p1a: Jellicent
|-start|p1a: Jellicent|move: Taunt
|move|p1a: Jellicent|Surf|p2a: Tyranitar
|-supereffective|p2a: Tyranitar
|-damage|p2a: Tyranitar|41\/100
|
|-weather|Sandstorm|[upkeep]
|-damage|p1a: Jellicent|94\/100|[from] Sandstorm
|-heal|p1a: Jellicent|100\/100|[from] item: Leftovers
|upkeep
|turn|14
|
|t:|1651327423
|move|p2a: Tyranitar|Rock Slide|p1a: Jellicent
|-damage|p1a: Jellicent|36\/100
|cant|p1a: Jellicent|flinch
|
|-weather|Sandstorm|[upkeep]
|-damage|p1a: Jellicent|30\/100|[from] Sandstorm
|-heal|p1a: Jellicent|36\/100|[from] item: Leftovers
|upkeep
|turn|15
|
|t:|1651327438
|move|p2a: Tyranitar|Rock Slide|p1a: Jellicent
|-damage|p1a: Jellicent|0 fnt
|faint|p1a: Jellicent
|
|t:|1651327440
|switch|p1a: Aerodactyl|Aerodactyl, M|100\/100
|-start|p1a: Aerodactyl|typechange|Rock\/Flying|[silent]
|raw|<ul class="utilichart"><li class="result"><span class="col pokemonnamecol" style="white-space: nowrap">Aerodactyl<\/span> <span class="col typecol"><img src="https:\/\/dragonheaven.herokuapp.com\/sprites\/types\/Rock.png" alt="Rock" height="14" width="32"><img src="https:\/\/dragonheaven.herokuapp.com\/sprites\/types\/Flying.png" alt="Flying" height="14" width="32"><\/span> <span style="float: left ; min-height: 26px"><span class="col abilitycol">Rock Head \/ Pressure<\/span><span class="col abilitycol"><\/span><\/span><\/li><li style="clear: both"><\/li><\/ul>
|raw|<ul class="utilichart"><li class="result"><span style="float: left ; min-height: 26px"><span class="col statcol"><em>HP<\/em><br>80<\/span> <span class="col statcol"><em>Atk<\/em><br>105<\/span> <span class="col statcol"><em>Def<\/em><br>65<\/span> <span class="col statcol"><em>SpA<\/em><br>60<\/span> <span class="col statcol"><em>SpD<\/em><br>75<\/span> <span class="col statcol"><em>Spe<\/em><br>130<\/span> <\/span><\/li><li style="clear: both"><\/li><\/ul>
|
|-weather|Sandstorm|[upkeep]
|upkeep
|turn|16
|
|t:|1651327449
|move|p1a: Aerodactyl|Earthquake|p2a: Tyranitar
|-supereffective|p2a: Tyranitar
|-crit|p2a: Tyranitar
|-damage|p2a: Tyranitar|0 fnt
|faint|p2a: Tyranitar
|
|t:|1651327454
|switch|p2a: Blastoise|Blastoise, M|100\/100
|-start|p2a: Blastoise|typechange|Water|[silent]
|raw|<ul class="utilichart"><li class="result"><span class="col pokemonnamecol" style="white-space: nowrap">Blastoise<\/span> <span class="col typecol"><img src="https:\/\/dragonheaven.herokuapp.com\/sprites\/types\/Water.png" alt="Water" height="14" width="32"><\/span> <span style="float: left ; min-height: 26px"><span class="col abilitycol">Torrent \/ Analytic<\/span><span class="col abilitycol"><\/span><\/span><\/li><li style="clear: both"><\/li><\/ul>
|raw|<ul class="utilichart"><li class="result"><span style="float: left ; min-height: 26px"><span class="col statcol"><em>HP<\/em><br>79<\/span> <span class="col statcol"><em>Atk<\/em><br>83<\/span> <span class="col statcol"><em>Def<\/em><br>100<\/span> <span class="col statcol"><em>SpA<\/em><br>85<\/span> <span class="col statcol"><em>SpD<\/em><br>105<\/span> <span class="col statcol"><em>Spe<\/em><br>78<\/span> <\/span><\/li><li style="clear: both"><\/li><\/ul>
|
|-weather|Sandstorm|[upkeep]
|-damage|p2a: Blastoise|94\/100|[from] Sandstorm
|-heal|p2a: Blastoise|100\/100|[from] item: Leftovers
|upkeep
|turn|17
|
|t:|1651327461
|switch|p1a: Gengar|Gengar, M|100\/100
|-start|p1a: Gengar|typechange|Ghost\/Poison|[silent]
|move|p2a: Blastoise|Ice Beam|p1a: Gengar
|-damage|p1a: Gengar|65\/100
|
|-weather|Sandstorm|[upkeep]
|-damage|p1a: Gengar|59\/100|[from] Sandstorm
|-damage|p2a: Blastoise|94\/100|[from] Sandstorm
|-heal|p1a: Gengar|65\/100|[from] item: Leftovers
|-heal|p2a: Blastoise|100\/100|[from] item: Leftovers
|upkeep
|turn|18
|
|t:|1651327473
|move|p1a: Gengar|Explosion|p2a: Blastoise
|-damage|p2a: Blastoise|48\/100
|faint|p1a: Gengar
|
|t:|1651327477
|switch|p1a: Celebi|Celebi|30\/100
|
|-weather|Sandstorm|[upkeep]
|-damage|p1a: Celebi|24\/100|[from] Sandstorm
|-damage|p2a: Blastoise|42\/100|[from] Sandstorm
|-heal|p1a: Celebi|30\/100|[from] item: Leftovers
|-heal|p2a: Blastoise|48\/100|[from] item: Leftovers
|upkeep
|turn|19
|
|t:|1651327491
|move|p1a: Celebi|Giga Drain|p2a: Blastoise
|-supereffective|p2a: Blastoise
|-damage|p2a: Blastoise|1\/100
|-heal|p1a: Celebi|51\/100|[from] drain|[of] p2a: Blastoise
|move|p2a: Blastoise|Ice Beam|p1a: Celebi
|-supereffective|p1a: Celebi
|-damage|p1a: Celebi|11\/100
|
|-weather|Sandstorm|[upkeep]
|-damage|p1a: Celebi|5\/100|[from] Sandstorm
|-damage|p2a: Blastoise|0 fnt|[from] Sandstorm
|faint|p2a: Blastoise
|-heal|p1a: Celebi|11\/100|[from] item: Leftovers
|upkeep
|
|t:|1651327497
|switch|p2a: Dugtrio|Dugtrio, F|100\/100
|-start|p2a: Dugtrio|typechange|Ground|[silent]
|raw|<ul class="utilichart"><li class="result"><span class="col pokemonnamecol" style="white-space: nowrap">Dugtrio<\/span> <span class="col typecol"><img src="https:\/\/dragonheaven.herokuapp.com\/sprites\/types\/Ground.png" alt="Ground" height="14" width="32"><\/span> <span style="float: left ; min-height: 26px"><span class="col abilitycol">Sand Veil \/ Arena Trap<\/span><span class="col abilitycol"><\/span><\/span><\/li><li style="clear: both"><\/li><\/ul>
|raw|<ul class="utilichart"><li class="result"><span style="float: left ; min-height: 26px"><span class="col statcol"><em>HP<\/em><br>35<\/span> <span class="col statcol"><em>Atk<\/em><br>80<\/span> <span class="col statcol"><em>Def<\/em><br>50<\/span> <span class="col statcol"><em>SpA<\/em><br>50<\/span> <span class="col statcol"><em>SpD<\/em><br>70<\/span> <span class="col statcol"><em>Spe<\/em><br>120<\/span> <\/span><\/li><li style="clear: both"><\/li><\/ul>
|turn|20
|c|☆bynum|\/log Clastia was invited (and promoted to Room Voice) by bynum.
|j|+Clastia
|
|t:|1651327508
|move|p2a: Dugtrio|Hidden Power|p1a: Celebi
|-supereffective|p1a: Celebi
|-damage|p1a: Celebi|0 fnt
|faint|p1a: Celebi
|
|t:|1651327529
|switch|p1a: Aerodactyl|Aerodactyl, M|100\/100
|-start|p1a: Aerodactyl|typechange|Rock\/Flying|[silent]
|
|-weather|Sandstorm|[upkeep]
|upkeep
|turn|21
|
|t:|1651327544
|switch|p2a: Zapdos|Zapdos-Galar|100\/100
|-start|p2a: Zapdos|typechange|Fighting\/Flying|[silent]
|raw|<ul class="utilichart"><li class="result"><span class="col pokemonnamecol" style="white-space: nowrap">Zapdos-Galar<\/span> <span class="col typecol"><img src="https:\/\/dragonheaven.herokuapp.com\/sprites\/types\/Fighting.png" alt="Fighting" height="14" width="32"><img src="https:\/\/dragonheaven.herokuapp.com\/sprites\/types\/Flying.png" alt="Flying" height="14" width="32"><\/span> <span style="float: left ; min-height: 26px"><span class="col abilitycol">Pressure<\/span><span class="col abilitycol"><\/span><\/span><\/li><li style="clear: both"><\/li><\/ul>
|raw|<ul class="utilichart"><li class="result"><span style="float: left ; min-height: 26px"><span class="col statcol"><em>HP<\/em><br>90<\/span> <span class="col statcol"><em>Atk<\/em><br>125<\/span> <span class="col statcol"><em>Def<\/em><br>90<\/span> <span class="col statcol"><em>SpA<\/em><br>85<\/span> <span class="col statcol"><em>SpD<\/em><br>90<\/span> <span class="col statcol"><em>Spe<\/em><br>100<\/span> <\/span><\/li><li style="clear: both"><\/li><\/ul>
|move|p1a: Aerodactyl|Rock Slide|p2a: Zapdos|[miss]
|-miss|p1a: Aerodactyl|p2a: Zapdos
|
|-weather|Sandstorm|[upkeep]
|-damage|p2a: Zapdos|94\/100|[from] Sandstorm
|-heal|p2a: Zapdos|100\/100|[from] item: Leftovers
|upkeep
|turn|22
|
|t:|1651327550
|move|p1a: Aerodactyl|Rock Slide|p2a: Zapdos
|-damage|p2a: Zapdos|42\/100
|move|p2a: Zapdos|Hidden Power|p1a: Aerodactyl
|-supereffective|p1a: Aerodactyl
|-damage|p1a: Aerodactyl|17\/100
|
|-weather|Sandstorm|[upkeep]
|-damage|p2a: Zapdos|35\/100|[from] Sandstorm
|-heal|p2a: Zapdos|42\/100|[from] item: Leftovers
|upkeep
|turn|23
|
|t:|1651327556
|move|p1a: Aerodactyl|Rock Slide|p2a: Zapdos
|-damage|p2a: Zapdos|0 fnt
|faint|p2a: Zapdos
|
|t:|1651327560
|switch|p2a: Regieleki|Regieleki|46\/100
|-start|p2a: Regieleki|typechange|Electric|[silent]
|
|-weather|Sandstorm|[upkeep]
|-damage|p2a: Regieleki|40\/100|[from] Sandstorm
|-heal|p2a: Regieleki|46\/100|[from] item: Leftovers
|upkeep
|turn|24
|
|t:|1651327568
|move|p2a: Regieleki|Thunderbolt|p1a: Aerodactyl
|-supereffective|p1a: Aerodactyl
|-damage|p1a: Aerodactyl|0 fnt
|faint|p1a: Aerodactyl
|
|t:|1651327575
|switch|p1a: Tyranitar|Tyranitar, M|100\/100
|-start|p1a: Tyranitar|typechange|Rock\/Dark|[silent]
|raw|<ul class="utilichart"><li class="result"><span class="col pokemonnamecol" style="white-space: nowrap">Tyranitar<\/span> <span class="col typecol"><img src="https:\/\/dragonheaven.herokuapp.com\/sprites\/types\/Rock.png" alt="Rock" height="14" width="32"><img src="https:\/\/dragonheaven.herokuapp.com\/sprites\/types\/Dark.png" alt="Dark" height="14" width="32"><\/span> <span style="float: left ; min-height: 26px"><span class="col abilitycol">Sand Stream<\/span><span class="col abilitycol"><\/span><\/span><\/li><li style="clear: both"><\/li><\/ul>
|raw|<ul class="utilichart"><li class="result"><span style="float: left ; min-height: 26px"><span class="col statcol"><em>HP<\/em><br>100<\/span> <span class="col statcol"><em>Atk<\/em><br>134<\/span> <span class="col statcol"><em>Def<\/em><br>110<\/span> <span class="col statcol"><em>SpA<\/em><br>95<\/span> <span class="col statcol"><em>SpD<\/em><br>100<\/span> <span class="col statcol"><em>Spe<\/em><br>61<\/span> <\/span><\/li><li style="clear: both"><\/li><\/ul>
|
|-weather|Sandstorm|[upkeep]
|-damage|p2a: Regieleki|40\/100|[from] Sandstorm
|-heal|p2a: Regieleki|46\/100|[from] item: Leftovers
|upkeep
|turn|25
|
|t:|1651327591
|move|p2a: Regieleki|Taunt|p1a: Tyranitar
|-start|p1a: Tyranitar|move: Taunt
|cant|p1a: Tyranitar|move: Taunt|Dragon Dance
|
|-weather|Sandstorm|[upkeep]
|-damage|p2a: Regieleki|40\/100|[from] Sandstorm
|-heal|p2a: Regieleki|46\/100|[from] item: Leftovers
|upkeep
|turn|26
|
|t:|1651327594
|move|p2a: Regieleki|Toxic|p1a: Tyranitar
|-status|p1a: Tyranitar|tox
|move|p1a: Tyranitar|Earthquake|p2a: Regieleki
|-supereffective|p2a: Regieleki
|-damage|p2a: Regieleki|0 fnt
|faint|p2a: Regieleki
|
|t:|1651327596
|switch|p2a: Dugtrio|Dugtrio, F|100\/100
|-start|p2a: Dugtrio|typechange|Ground|[silent]
|
|-weather|Sandstorm|[upkeep]
|-damage|p1a: Tyranitar|94\/100 tox|[from] psn
|upkeep
|turn|27
|
|t:|1651327600
|move|p2a: Dugtrio|Earthquake|p1a: Tyranitar
|-supereffective|p1a: Tyranitar
|-enditem|p1a: Tyranitar|Shuca Berry|[eat]
|-enditem|p1a: Tyranitar|Shuca Berry|[weaken]
|-damage|p1a: Tyranitar|47\/100 tox
|move|p1a: Tyranitar|Earthquake|p2a: Dugtrio
|-damage|p2a: Dugtrio|0 fnt
|faint|p2a: Dugtrio
|
|win|bynum
|c|☆447323a|gg
|c|☆bynum|gg
|l|☆447323a
</script>
</div>
<div class="battle-log battle-log-inline"><div class="inner"><div class="battle-options"><div style="padding-top: 3px; padding-right: 3px; text-align: right"><button class="icon button" name="openBattleOptions" title="Options">Battle Options</button></div></div><div class="inner message-log"><div class="chat"><div class="broadcast-red"><strong>This battle is invite-only!</strong><br>Users must be invited with <code>/invite</code> (or be staff) to join</div></div><div class="chat"><small>☆bynum and ☆447323a joined</small></div><div class=""><small>Format:</small> <br><strong>[Gen 3] Hoenn Gaiden</strong></div><div class=""><small><em>Sleep Clause Mod:</em> Limit one foe put to sleep</small></div><div class=""><small><em>Switch Priority Clause Mod:</em> Faster Pokémon switch first</small></div><div class=""><small><em>Species Clause:</em> Limit one of each Pokémon</small></div><div class=""><small><em>OHKO Clause:</em> OHKO moves are banned</small></div><div class=""><small><em>Moody Clause:</em> Moody is banned</small></div><div class=""><small><em>Evasion Moves Clause:</em> Evasion moves are banned</small></div><div class=""><small><em>Endless Battle Clause:</em> Forcing endless battles is banned</small></div><div class=""><small><em>HP Percentage Mod:</em> HP is shown in percentages</small></div><div class="chat"><img src="https://cdn.discordapp.com/attachments/510822010922860545/864665757446045716/Hoenn_Gaiden_Banner.png" width="381" height="213"></div><div class="spacer battle-history"><br></div><div class="battle-history"><small>Welcome to Hoenn Gaiden!</small><br></div><div class="battle-history"><small>This is a [Gen 3] OU-based format where we add later generation Pokemon, items, moves, and abilities, as well as change up existing ones!</small><br></div><div class="battle-history"><small>You can find our thread and metagame resources here:</small><br></div><div class="battle-history"><small>https://www.smogon.com/forums/threads/hoenn-gaiden-pet-mod-of-the-season-slate-8-concept-voting.3681339/</small><br></div><div class="spacer battle-history"><br></div><div class="battle-history">Battle started between bynum and 447323a!<br></div><div class="spacer battle-history"><br></div><div class="battle-history">Go! <strong>Hariyama</strong>!<br></div><div class="spacer battle-history"><br></div><div class="battle-history">447323a sent out <strong>Kleavor</strong>!<br></div><div class="chat"><ul class="utilichart"><li class="result"><span class="col pokemonnamecol" style="white-space: nowrap">Kleavor</span> <span class="col typecol"><img src="https://dragonheaven.herokuapp.com/sprites/types/Bug.png" alt="Bug" width="32" height="14"><img src="https://dragonheaven.herokuapp.com/sprites/types/Rock.png" alt="Rock" width="32" height="14"></span> <span style="float: left ; min-height: 26px"><span class="col abilitycol">Swarm</span><span class="col abilitycol"></span></span></li><li style="clear: both"></li></ul></div><div class="chat"><ul class="utilichart"><li class="result"><span style="float: left ; min-height: 26px"><span class="col statcol"><em>HP</em><br>70</span> <span class="col statcol"><em>Atk</em><br>135</span> <span class="col statcol"><em>Def</em><br>95</span> <span class="col statcol"><em>SpA</em><br>45</span> <span class="col statcol"><em>SpD</em><br>70</span> <span class="col statcol"><em>Spe</em><br>85</span> </span></li><li style="clear: both"></li></ul></div><div class="chat"><ul class="utilichart"><li class="result"><span class="col pokemonnamecol" style="white-space: nowrap">Hariyama</span> <span class="col typecol"><img src="https://dragonheaven.herokuapp.com/sprites/types/Fighting.png" alt="Fighting" width="32" height="14"></span> <span style="float: left ; min-height: 26px"><span class="col abilitycol">Thick Fat / Guts</span><span class="col abilitycol"></span></span></li><li style="clear: both"></li></ul></div><div class="chat"><ul class="utilichart"><li class="result"><span style="float: left ; min-height: 26px"><span class="col statcol"><em>HP</em><br>144</span> <span class="col statcol"><em>Atk</em><br>120</span> <span class="col statcol"><em>Def</em><br>60</span> <span class="col statcol"><em>SpA</em><br>40</span> <span class="col statcol"><em>SpD</em><br>60</span> <span class="col statcol"><em>Spe</em><br>50</span> </span></li><li style="clear: both"></li></ul></div><div class="spacer battle-history"><br></div><h2 class="battle-history">Turn 1</h2><div class="chat message-error">Battle timer is ON: inactive players will automatically lose when time's up. (requested by 447323a)</div><div class="chat chatmessage-447323a"><strong style="color:#ad7131"><small>☆</small><span class="username" data-name="447323a">447323a</span>:</strong> <em>glhf</em></div><div class="chat chatmessage-bynum"><strong style="color:#0aa6b1"><small>☆</small><span class="username" data-name="bynum">bynum</span>:</strong> <em>u2</em></div><div class="spacer battle-history"><br></div><div class="battle-history">The opposing Kleavor used <strong>Lunge</strong>!<br></div><div class="battle-history"><small>It's not very effective...</small><br></div><div class="battle-history"><small>(Hariyama lost 40% of its health!)</small><br></div><div class="battle-history"><small>Hariyama's Attack fell!</small><br></div><div class="spacer battle-history"><br></div><div class="battle-history">Hariyama used <strong>Knock Off</strong>!<br></div><div class="battle-history"><small>(The opposing Kleavor lost 3% of its health!)</small><br></div><div class="battle-history"><small>Hariyama knocked off the opposing Kleavor's Choice Band!</small><br></div><div class="spacer battle-history"><br></div><div class="battle-history"><small>Hariyama restored a little HP using its Leftovers!</small><br></div><div class="spacer battle-history"><br></div><h2 class="battle-history">Turn 2</h2><div class="spacer battle-history"><br></div><div class="battle-history">Hariyama, come back!<br></div><div class="battle-history">Go! <strong>Jellicent</strong>!<br></div><div class="chat"><ul class="utilichart"><li class="result"><span class="col pokemonnamecol" style="white-space: nowrap">Jellicent</span> <span class="col typecol"><img src="https://dragonheaven.herokuapp.com/sprites/types/Water.png" alt="Water" width="32" height="14"><img src="https://dragonheaven.herokuapp.com/sprites/types/Ghost.png" alt="Ghost" width="32" height="14"></span> <span style="float: left ; min-height: 26px"><span class="col abilitycol">Water Absorb</span><span class="col abilitycol"></span></span></li><li style="clear: both"></li></ul></div><div class="chat"><ul class="utilichart"><li class="result"><span style="float: left ; min-height: 26px"><span class="col statcol"><em>HP</em><br>100</span> <span class="col statcol"><em>Atk</em><br>60</span> <span class="col statcol"><em>Def</em><br>70</span> <span class="col statcol"><em>SpA</em><br>85</span> <span class="col statcol"><em>SpD</em><br>105</span> <span class="col statcol"><em>Spe</em><br>60</span> </span></li><li style="clear: both"></li></ul></div><div class="spacer battle-history"><br></div><div class="battle-history">The opposing Kleavor used <strong>Steel Wing</strong>!<br></div><div class="battle-history"><small>Jellicent avoided the attack!</small><br></div><div class="spacer battle-history"><br></div><h2 class="battle-history">Turn 3</h2><div class="spacer battle-history"><br></div><div class="battle-history">447323a withdrew Kleavor!<br></div><div class="battle-history">447323a sent out <strong>Regieleki</strong>!<br></div><div class="chat"><ul class="utilichart"><li class="result"><span class="col pokemonnamecol" style="white-space: nowrap">Regieleki</span> <span class="col typecol"><img src="https://dragonheaven.herokuapp.com/sprites/types/Electric.png" alt="Electric" width="32" height="14"></span> <span style="float: left ; min-height: 26px"><span class="col abilitycol">Clear Body</span><span class="col abilitycol"></span></span></li><li style="clear: both"></li></ul></div><div class="chat"><ul class="utilichart"><li class="result"><span style="float: left ; min-height: 26px"><span class="col statcol"><em>HP</em><br>80</span> <span class="col statcol"><em>Atk</em><br>50</span> <span class="col statcol"><em>Def</em><br>100</span> <span class="col statcol"><em>SpA</em><br>50</span> <span class="col statcol"><em>SpD</em><br>100</span> <span class="col statcol"><em>Spe</em><br>200</span> </span></li><li style="clear: both"></li></ul></div><div class="spacer battle-history"><br></div><div class="battle-history">Jellicent used <strong>Will-O-Wisp</strong>!<br></div><div class="battle-history"><small>The opposing Regieleki avoided the attack!</small><br></div><div class="spacer battle-history"><br></div><h2 class="battle-history">Turn 4</h2><div class="spacer battle-history"><br></div><div class="battle-history">Jellicent, come back!<br></div><div class="battle-history">Go! <strong>Celebi</strong>!<br></div><div class="spacer battle-history"><br></div><div class="battle-history">The opposing Regieleki used <strong>Toxic</strong>!<br></div><div class="battle-history"><small>Celebi was badly poisoned!</small><br></div><div class="spacer battle-history"><br></div><div class="battle-history"><small>Celebi was hurt by poison!</small><br></div><div class="spacer battle-history"><br></div><h2 class="battle-history">Turn 5</h2><div class="spacer battle-history"><br></div><div class="battle-history">The opposing Regieleki used <strong>Taunt</strong>!<br></div><div class="battle-history"><small>Celebi fell for the taunt!</small><br></div><div class="spacer battle-history"><br></div><div class="battle-history">Celebi used <strong>Giga Drain</strong>!<br></div><div class="battle-history"><small>(The opposing Regieleki lost 30% of its health!)</small><br></div><div class="battle-history"><small>The opposing Regieleki had its energy drained!</small><br></div><div class="spacer battle-history"><br></div><div class="battle-history"><small>The opposing Regieleki restored a little HP using its Leftovers!</small><br></div><div class="battle-history"><small>Celebi was hurt by poison!</small><br></div><div class="spacer battle-history"><br></div><h2 class="battle-history">Turn 6</h2><div class="spacer battle-history"><br></div><div class="battle-history">The opposing Regieleki used <strong>Hidden Power</strong>!<br></div><div class="battle-history"><small>It's super effective!</small><br></div><div class="battle-history"><small>(Celebi lost 27% of its health!)</small><br></div><div class="spacer battle-history"><br></div><div class="battle-history">Celebi used <strong>Psychic</strong>!<br></div><div class="battle-history"><small>(The opposing Regieleki lost 36% of its health!)</small><br></div><div class="spacer battle-history"><br></div><div class="battle-history"><small>The opposing Regieleki restored a little HP using its Leftovers!</small><br></div><div class="battle-history"><small>Celebi restored a little HP using its Leftovers!</small><br></div><div class="battle-history"><small>Celebi was hurt by poison!</small><br></div><div class="spacer battle-history"><br></div><h2 class="battle-history">Turn 7</h2><div class="spacer battle-history"><br></div><div class="battle-history">447323a withdrew Regieleki!<br></div><div class="battle-history">447323a sent out <strong>Kleavor</strong>!<br></div><div class="spacer battle-history"><br></div><div class="battle-history">Celebi used <strong>Psychic</strong>!<br></div><div class="battle-history"><small>(The opposing Kleavor lost 52% of its health!)</small><br></div><div class="spacer battle-history"><br></div><div class="battle-history"><small>Celebi restored a little HP using its Leftovers!</small><br></div><div class="battle-history"><small>Celebi was hurt by poison!</small><br></div><div class="battle-history"><small>Celebi shook off the taunt!</small><br></div><div class="spacer battle-history"><br></div><h2 class="battle-history">Turn 8</h2><div class="spacer battle-history"><br></div><div class="battle-history"><small>(Celebi is cured by its Natural Cure!)</small><br></div><div class="battle-history">Celebi, come back!<br></div><div class="battle-history">Go! <strong>Hariyama</strong>!<br></div><div class="spacer battle-history"><br></div><div class="battle-history">The opposing Kleavor used <strong>Lunge</strong>!<br></div><div class="battle-history"><small>It's not very effective...</small><br></div><div class="battle-history"><small>(Hariyama lost 28% of its health!)</small><br></div><div class="battle-history"><small>Hariyama's Attack fell!</small><br></div><div class="spacer battle-history"><br></div><div class="battle-history"><small>Hariyama restored a little HP using its Leftovers!</small><br></div><div class="spacer battle-history"><br></div><h2 class="battle-history">Turn 9</h2><div class="spacer battle-history"><br></div><div class="battle-history">The opposing Kleavor used <strong>Rock Slide</strong>!<br></div><div class="battle-history"><small>It's not very effective...</small><br></div><div class="battle-history"><small>(Hariyama lost 24% of its health!)</small><br></div><div class="spacer battle-history"><br></div><div class="battle-history">Hariyama used <strong>Brick Break</strong>!<br></div><div class="battle-history"><small>(The opposing Kleavor lost 35% of its health!)</small><br></div><div class="spacer battle-history"><br></div><div class="battle-history"><small>Hariyama restored a little HP using its Leftovers!</small><br></div><div class="spacer battle-history"><br></div><h2 class="battle-history">Turn 10</h2><div class="spacer battle-history"><br></div><div class="battle-history">The opposing Kleavor used <strong>Lunge</strong>!<br></div><div class="battle-history"><small>It's not very effective...</small><br></div><div class="battle-history"><small>(Hariyama lost 26% of its health!)</small><br></div><div class="spacer battle-history"><br></div><div class="battle-history">Hariyama fainted!<br></div><div class="spacer battle-history"><br></div><div class="battle-history">Go! <strong>Gengar</strong>!<br></div><div class="chat"><ul class="utilichart"><li class="result"><span class="col pokemonnamecol" style="white-space: nowrap">Gengar</span> <span class="col typecol"><img src="https://dragonheaven.herokuapp.com/sprites/types/Ghost.png" alt="Ghost" width="32" height="14"><img src="https://dragonheaven.herokuapp.com/sprites/types/Poison.png" alt="Poison" width="32" height="14"></span> <span style="float: left ; min-height: 26px"><span class="col abilitycol">Levitate</span><span class="col abilitycol"></span></span></li><li style="clear: both"></li></ul></div><div class="chat"><ul class="utilichart"><li class="result"><span style="float: left ; min-height: 26px"><span class="col statcol"><em>HP</em><br>60</span> <span class="col statcol"><em>Atk</em><br>65</span> <span class="col statcol"><em>Def</em><br>60</span> <span class="col statcol"><em>SpA</em><br>130</span> <span class="col statcol"><em>SpD</em><br>75</span> <span class="col statcol"><em>Spe</em><br>110</span> </span></li><li style="clear: both"></li></ul></div><div class="spacer battle-history"><br></div><h2 class="battle-history">Turn 11</h2><div class="spacer battle-history"><br></div><div class="battle-history">Gengar used <strong>Ice Punch</strong>!<br></div><div class="battle-history"><small>(The opposing Kleavor lost 10% of its health!)</small><br></div><div class="spacer battle-history"><br></div><div class="battle-history">The opposing Kleavor fainted!<br></div><div class="spacer battle-history"><br></div><div class="battle-history">447323a sent out <strong>Tyranitar</strong>!<br></div><div class="chat"><ul class="utilichart"><li class="result"><span class="col pokemonnamecol" style="white-space: nowrap">Tyranitar</span> <span class="col typecol"><img src="https://dragonheaven.herokuapp.com/sprites/types/Rock.png" alt="Rock" width="32" height="14"><img src="https://dragonheaven.herokuapp.com/sprites/types/Dark.png" alt="Dark" width="32" height="14"></span> <span style="float: left ; min-height: 26px"><span class="col abilitycol">Sand Stream</span><span class="col abilitycol"></span></span></li><li style="clear: both"></li></ul></div><div class="chat"><ul class="utilichart"><li class="result"><span style="float: left ; min-height: 26px"><span class="col statcol"><em>HP</em><br>100</span> <span class="col statcol"><em>Atk</em><br>134</span> <span class="col statcol"><em>Def</em><br>110</span> <span class="col statcol"><em>SpA</em><br>95</span> <span class="col statcol"><em>SpD</em><br>100</span> <span class="col statcol"><em>Spe</em><br>61</span> </span></li><li style="clear: both"></li></ul></div><div class="battle-history">[The opposing Tyranitar's Sand Stream]<br><small>A sandstorm kicked up!</small><br></div><div class="spacer battle-history"><br></div><div class="battle-history"><small>(The sandstorm is raging.)</small><br></div><div class="battle-history"><small>Gengar is buffeted by the sandstorm!</small><br></div><div class="battle-history"><small>Gengar restored a little HP using its Leftovers!</small><br></div><div class="spacer battle-history"><br></div><h2 class="battle-history">Turn 12</h2><div class="spacer battle-history"><br></div><div class="battle-history">Gengar, come back!<br></div><div class="battle-history">Go! <strong>Jellicent</strong>!<br></div><div class="spacer battle-history"><br></div><div class="battle-history">The opposing Tyranitar used <strong>Dragon Dance</strong>!<br></div><div class="battle-history"><small>The opposing Tyranitar's Attack rose!</small><br></div><div class="battle-history"><small>The opposing Tyranitar's Speed rose!</small><br></div><div class="spacer battle-history"><br></div><div class="battle-history"><small>(The sandstorm is raging.)</small><br></div><div class="battle-history"><small>Jellicent is buffeted by the sandstorm!</small><br></div><div class="battle-history"><small>Jellicent restored a little HP using its Leftovers!</small><br></div><div class="spacer battle-history"><br></div><h2 class="battle-history">Turn 13</h2><div class="spacer battle-history"><br></div><div class="battle-history">The opposing Tyranitar used <strong>Taunt</strong>!<br></div><div class="battle-history"><small>Jellicent fell for the taunt!</small><br></div><div class="spacer battle-history"><br></div><div class="battle-history">Jellicent used <strong>Surf</strong>!<br></div><div class="battle-history"><small>It's super effective!</small><br></div><div class="battle-history"><small>(The opposing Tyranitar lost 59% of its health!)</small><br></div><div class="spacer battle-history"><br></div><div class="battle-history"><small>(The sandstorm is raging.)</small><br></div><div class="battle-history"><small>Jellicent is buffeted by the sandstorm!</small><br></div><div class="battle-history"><small>Jellicent restored a little HP using its Leftovers!</small><br></div><div class="spacer battle-history"><br></div><h2 class="battle-history">Turn 14</h2><div class="spacer battle-history"><br></div><div class="battle-history">The opposing Tyranitar used <strong>Rock Slide</strong>!<br></div><div class="battle-history"><small>(Jellicent lost 64% of its health!)</small><br></div><div class="spacer battle-history"><br></div><div class="battle-history">Jellicent flinched and couldn't move!<br></div><div class="spacer battle-history"><br></div><div class="battle-history"><small>(The sandstorm is raging.)</small><br></div><div class="battle-history"><small>Jellicent is buffeted by the sandstorm!</small><br></div><div class="battle-history"><small>Jellicent restored a little HP using its Leftovers!</small><br></div><div class="spacer battle-history"><br></div><h2 class="battle-history">Turn 15</h2><div class="spacer battle-history"><br></div><div class="battle-history">The opposing Tyranitar used <strong>Rock Slide</strong>!<br></div><div class="battle-history"><small>(Jellicent lost 36% of its health!)</small><br></div><div class="spacer battle-history"><br></div><div class="battle-history">Jellicent fainted!<br></div><div class="spacer battle-history"><br></div><div class="battle-history">Go! <strong>Aerodactyl</strong>!<br></div><div class="chat"><ul class="utilichart"><li class="result"><span class="col pokemonnamecol" style="white-space: nowrap">Aerodactyl</span> <span class="col typecol"><img src="https://dragonheaven.herokuapp.com/sprites/types/Rock.png" alt="Rock" width="32" height="14"><img src="https://dragonheaven.herokuapp.com/sprites/types/Flying.png" alt="Flying" width="32" height="14"></span> <span style="float: left ; min-height: 26px"><span class="col abilitycol">Rock Head / Pressure</span><span class="col abilitycol"></span></span></li><li style="clear: both"></li></ul></div><div class="chat"><ul class="utilichart"><li class="result"><span style="float: left ; min-height: 26px"><span class="col statcol"><em>HP</em><br>80</span> <span class="col statcol"><em>Atk</em><br>105</span> <span class="col statcol"><em>Def</em><br>65</span> <span class="col statcol"><em>SpA</em><br>60</span> <span class="col statcol"><em>SpD</em><br>75</span> <span class="col statcol"><em>Spe</em><br>130</span> </span></li><li style="clear: both"></li></ul></div><div class="spacer battle-history"><br></div><div class="battle-history"><small>(The sandstorm is raging.)</small><br></div><div class="spacer battle-history"><br></div><h2 class="battle-history">Turn 16</h2><div class="spacer battle-history"><br></div><div class="battle-history">Aerodactyl used <strong>Earthquake</strong>!<br></div><div class="battle-history"><small>It's super effective!</small><br></div><div class="battle-history"><small>A critical hit!</small><br></div><div class="battle-history"><small>(The opposing Tyranitar lost 41% of its health!)</small><br></div><div class="spacer battle-history"><br></div><div class="battle-history">The opposing Tyranitar fainted!<br></div><div class="spacer battle-history"><br></div><div class="battle-history">447323a sent out <strong>Blastoise</strong>!<br></div><div class="chat"><ul class="utilichart"><li class="result"><span class="col pokemonnamecol" style="white-space: nowrap">Blastoise</span> <span class="col typecol"><img src="https://dragonheaven.herokuapp.com/sprites/types/Water.png" alt="Water" width="32" height="14"></span> <span style="float: left ; min-height: 26px"><span class="col abilitycol">Torrent / Analytic</span><span class="col abilitycol"></span></span></li><li style="clear: both"></li></ul></div><div class="chat"><ul class="utilichart"><li class="result"><span style="float: left ; min-height: 26px"><span class="col statcol"><em>HP</em><br>79</span> <span class="col statcol"><em>Atk</em><br>83</span> <span class="col statcol"><em>Def</em><br>100</span> <span class="col statcol"><em>SpA</em><br>85</span> <span class="col statcol"><em>SpD</em><br>105</span> <span class="col statcol"><em>Spe</em><br>78</span> </span></li><li style="clear: both"></li></ul></div><div class="spacer battle-history"><br></div><div class="battle-history"><small>(The sandstorm is raging.)</small><br></div><div class="battle-history"><small>The opposing Blastoise is buffeted by the sandstorm!</small><br></div><div class="battle-history"><small>The opposing Blastoise restored a little HP using its Leftovers!</small><br></div><div class="spacer battle-history"><br></div><h2 class="battle-history">Turn 17</h2><div class="spacer battle-history"><br></div><div class="battle-history">Aerodactyl, come back!<br></div><div class="battle-history">Go! <strong>Gengar</strong>!<br></div><div class="spacer battle-history"><br></div><div class="battle-history">The opposing Blastoise used <strong>Ice Beam</strong>!<br></div><div class="battle-history"><small>(Gengar lost 35% of its health!)</small><br></div><div class="spacer battle-history"><br></div><div class="battle-history"><small>(The sandstorm is raging.)</small><br></div><div class="battle-history"><small>Gengar is buffeted by the sandstorm!</small><br></div><div class="battle-history"><small>The opposing Blastoise is buffeted by the sandstorm!</small><br></div><div class="battle-history"><small>Gengar restored a little HP using its Leftovers!</small><br></div><div class="battle-history"><small>The opposing Blastoise restored a little HP using its Leftovers!</small><br></div><div class="spacer battle-history"><br></div><h2 class="battle-history">Turn 18</h2><div class="spacer battle-history"><br></div><div class="battle-history">Gengar used <strong>Explosion</strong>!<br></div><div class="battle-history"><small>(The opposing Blastoise lost 52% of its health!)</small><br></div><div class="spacer battle-history"><br></div><div class="battle-history">Gengar fainted!<br></div><div class="spacer battle-history"><br></div><div class="battle-history">Go! <strong>Celebi</strong>!<br></div><div class="spacer battle-history"><br></div><div class="battle-history"><small>(The sandstorm is raging.)</small><br></div><div class="battle-history"><small>Celebi is buffeted by the sandstorm!</small><br></div><div class="battle-history"><small>The opposing Blastoise is buffeted by the sandstorm!</small><br></div><div class="battle-history"><small>Celebi restored a little HP using its Leftovers!</small><br></div><div class="battle-history"><small>The opposing Blastoise restored a little HP using its Leftovers!</small><br></div><div class="spacer battle-history"><br></div><h2 class="battle-history">Turn 19</h2><div class="spacer battle-history"><br></div><div class="battle-history">Celebi used <strong>Giga Drain</strong>!<br></div><div class="battle-history"><small>It's super effective!</small><br></div><div class="battle-history"><small>(The opposing Blastoise lost 47% of its health!)</small><br></div><div class="battle-history"><small>The opposing Blastoise had its energy drained!</small><br></div><div class="spacer battle-history"><br></div><div class="battle-history">The opposing Blastoise used <strong>Ice Beam</strong>!<br></div><div class="battle-history"><small>It's super effective!</small><br></div><div class="battle-history"><small>(Celebi lost 40% of its health!)</small><br></div><div class="spacer battle-history"><br></div><div class="battle-history"><small>(The sandstorm is raging.)</small><br></div><div class="battle-history"><small>Celebi is buffeted by the sandstorm!</small><br></div><div class="battle-history"><small>The opposing Blastoise is buffeted by the sandstorm!</small><br></div><div class="spacer battle-history"><br></div><div class="battle-history">The opposing Blastoise fainted!<br></div><div class="battle-history"><small>Celebi restored a little HP using its Leftovers!</small><br></div><div class="spacer battle-history"><br></div><div class="battle-history">447323a sent out <strong>Dugtrio</strong>!<br></div><div class="chat"><ul class="utilichart"><li class="result"><span class="col pokemonnamecol" style="white-space: nowrap">Dugtrio</span> <span class="col typecol"><img src="https://dragonheaven.herokuapp.com/sprites/types/Ground.png" alt="Ground" width="32" height="14"></span> <span style="float: left ; min-height: 26px"><span class="col abilitycol">Sand Veil / Arena Trap</span><span class="col abilitycol"></span></span></li><li style="clear: both"></li></ul></div><div class="chat"><ul class="utilichart"><li class="result"><span style="float: left ; min-height: 26px"><span class="col statcol"><em>HP</em><br>35</span> <span class="col statcol"><em>Atk</em><br>80</span> <span class="col statcol"><em>Def</em><br>50</span> <span class="col statcol"><em>SpA</em><br>50</span> <span class="col statcol"><em>SpD</em><br>70</span> <span class="col statcol"><em>Spe</em><br>120</span> </span></li><li style="clear: both"></li></ul></div><div class="spacer battle-history"><br></div><h2 class="battle-history">Turn 20</h2><div class="chat chatmessage-bynum"><span class="message-log">Clastia was invited (and promoted to Room Voice) by bynum.</span></div><div class="chat"><small>+Clastia joined</small></div><div class="spacer battle-history"><br></div><div class="battle-history">The opposing Dugtrio used <strong>Hidden Power</strong>!<br></div><div class="battle-history"><small>It's super effective!</small><br></div><div class="battle-history"><small>(Celebi lost 11% of its health!)</small><br></div><div class="spacer battle-history"><br></div><div class="battle-history">Celebi fainted!<br></div><div class="spacer battle-history"><br></div><div class="battle-history">Go! <strong>Aerodactyl</strong>!<br></div><div class="spacer battle-history"><br></div><div class="battle-history"><small>(The sandstorm is raging.)</small><br></div><div class="spacer battle-history"><br></div><h2 class="battle-history">Turn 21</h2><div class="spacer battle-history"><br></div><div class="battle-history">447323a withdrew Dugtrio!<br></div><div class="battle-history">447323a sent out Zapdos (<strong>Zapdos-Galar</strong>)!<br></div><div class="chat"><ul class="utilichart"><li class="result"><span class="col pokemonnamecol" style="white-space: nowrap">Zapdos-Galar</span> <span class="col typecol"><img src="https://dragonheaven.herokuapp.com/sprites/types/Fighting.png" alt="Fighting" width="32" height="14"><img src="https://dragonheaven.herokuapp.com/sprites/types/Flying.png" alt="Flying" width="32" height="14"></span> <span style="float: left ; min-height: 26px"><span class="col abilitycol">Pressure</span><span class="col abilitycol"></span></span></li><li style="clear: both"></li></ul></div><div class="chat"><ul class="utilichart"><li class="result"><span style="float: left ; min-height: 26px"><span class="col statcol"><em>HP</em><br>90</span> <span class="col statcol"><em>Atk</em><br>125</span> <span class="col statcol"><em>Def</em><br>90</span> <span class="col statcol"><em>SpA</em><br>85</span> <span class="col statcol"><em>SpD</em><br>90</span> <span class="col statcol"><em>Spe</em><br>100</span> </span></li><li style="clear: both"></li></ul></div><div class="spacer battle-history"><br></div><div class="battle-history">Aerodactyl used <strong>Rock Slide</strong>!<br></div><div class="battle-history"><small>The opposing Zapdos avoided the attack!</small><br></div><div class="spacer battle-history"><br></div><div class="battle-history"><small>(The sandstorm is raging.)</small><br></div><div class="battle-history"><small>The opposing Zapdos is buffeted by the sandstorm!</small><br></div><div class="battle-history"><small>The opposing Zapdos restored a little HP using its Leftovers!</small><br></div><div class="spacer battle-history"><br></div><h2 class="battle-history">Turn 22</h2><div class="spacer battle-history"><br></div><div class="battle-history">Aerodactyl used <strong>Rock Slide</strong>!<br></div><div class="battle-history"><small>(The opposing Zapdos lost 58% of its health!)</small><br></div><div class="spacer battle-history"><br></div><div class="battle-history">The opposing Zapdos used <strong>Hidden Power</strong>!<br></div><div class="battle-history"><small>It's super effective!</small><br></div><div class="battle-history"><small>(Aerodactyl lost 83% of its health!)</small><br></div><div class="spacer battle-history"><br></div><div class="battle-history"><small>(The sandstorm is raging.)</small><br></div><div class="battle-history"><small>The opposing Zapdos is buffeted by the sandstorm!</small><br></div><div class="battle-history"><small>The opposing Zapdos restored a little HP using its Leftovers!</small><br></div><div class="spacer battle-history"><br></div><h2 class="battle-history">Turn 23</h2><div class="spacer battle-history"><br></div><div class="battle-history">Aerodactyl used <strong>Rock Slide</strong>!<br></div><div class="battle-history"><small>(The opposing Zapdos lost 42% of its health!)</small><br></div><div class="spacer battle-history"><br></div><div class="battle-history">The opposing Zapdos fainted!<br></div><div class="spacer battle-history"><br></div><div class="battle-history">447323a sent out <strong>Regieleki</strong>!<br></div><div class="spacer battle-history"><br></div><div class="battle-history"><small>(The sandstorm is raging.)</small><br></div><div class="battle-history"><small>The opposing Regieleki is buffeted by the sandstorm!</small><br></div><div class="battle-history"><small>The opposing Regieleki restored a little HP using its Leftovers!</small><br></div><div class="spacer battle-history"><br></div><h2 class="battle-history">Turn 24</h2><div class="spacer battle-history"><br></div><div class="battle-history">The opposing Regieleki used <strong>Thunderbolt</strong>!<br></div><div class="battle-history"><small>It's super effective!</small><br></div><div class="battle-history"><small>(Aerodactyl lost 17% of its health!)</small><br></div><div class="spacer battle-history"><br></div><div class="battle-history">Aerodactyl fainted!<br></div><div class="spacer battle-history"><br></div><div class="battle-history">Go! <strong>Tyranitar</strong>!<br></div><div class="chat"><ul class="utilichart"><li class="result"><span class="col pokemonnamecol" style="white-space: nowrap">Tyranitar</span> <span class="col typecol"><img src="https://dragonheaven.herokuapp.com/sprites/types/Rock.png" alt="Rock" width="32" height="14"><img src="https://dragonheaven.herokuapp.com/sprites/types/Dark.png" alt="Dark" width="32" height="14"></span> <span style="float: left ; min-height: 26px"><span class="col abilitycol">Sand Stream</span><span class="col abilitycol"></span></span></li><li style="clear: both"></li></ul></div><div class="chat"><ul class="utilichart"><li class="result"><span style="float: left ; min-height: 26px"><span class="col statcol"><em>HP</em><br>100</span> <span class="col statcol"><em>Atk</em><br>134</span> <span class="col statcol"><em>Def</em><br>110</span> <span class="col statcol"><em>SpA</em><br>95</span> <span class="col statcol"><em>SpD</em><br>100</span> <span class="col statcol"><em>Spe</em><br>61</span> </span></li><li style="clear: both"></li></ul></div><div class="spacer battle-history"><br></div><div class="battle-history"><small>(The sandstorm is raging.)</small><br></div><div class="battle-history"><small>The opposing Regieleki is buffeted by the sandstorm!</small><br></div><div class="battle-history"><small>The opposing Regieleki restored a little HP using its Leftovers!</small><br></div><div class="spacer battle-history"><br></div><h2 class="battle-history">Turn 25</h2><div class="spacer battle-history"><br></div><div class="battle-history">The opposing Regieleki used <strong>Taunt</strong>!<br></div><div class="battle-history"><small>Tyranitar fell for the taunt!</small><br></div><div class="spacer battle-history"><br></div><div class="battle-history">Tyranitar can't use Dragon Dance after the taunt!<br></div><div class="spacer battle-history"><br></div><div class="battle-history"><small>(The sandstorm is raging.)</small><br></div><div class="battle-history"><small>The opposing Regieleki is buffeted by the sandstorm!</small><br></div><div class="battle-history"><small>The opposing Regieleki restored a little HP using its Leftovers!</small><br></div><div class="spacer battle-history"><br></div><h2 class="battle-history">Turn 26</h2><div class="spacer battle-history"><br></div><div class="battle-history">The opposing Regieleki used <strong>Toxic</strong>!<br></div><div class="battle-history"><small>Tyranitar was badly poisoned!</small><br></div><div class="spacer battle-history"><br></div><div class="battle-history">Tyranitar used <strong>Earthquake</strong>!<br></div><div class="battle-history"><small>It's super effective!</small><br></div><div class="battle-history"><small>(The opposing Regieleki lost 46% of its health!)</small><br></div><div class="spacer battle-history"><br></div><div class="battle-history">The opposing Regieleki fainted!<br></div><div class="spacer battle-history"><br></div><div class="battle-history">447323a sent out <strong>Dugtrio</strong>!<br></div><div class="spacer battle-history"><br></div><div class="battle-history"><small>(The sandstorm is raging.)</small><br></div><div class="battle-history"><small>Tyranitar was hurt by poison!</small><br></div><div class="spacer battle-history"><br></div><h2 class="battle-history">Turn 27</h2><div class="spacer battle-history"><br></div><div class="battle-history">The opposing Dugtrio used <strong>Earthquake</strong>!<br></div><div class="battle-history"><small>It's super effective!</small><br></div><div class="battle-history"><small>(Tyranitar ate its Shuca Berry!)</small><br></div><div class="battle-history"><small>The Shuca Berry weakened the damage to Tyranitar!</small><br></div><div class="battle-history"><small>(Tyranitar lost 47% of its health!)</small><br></div><div class="spacer battle-history"><br></div><div class="battle-history">Tyranitar used <strong>Earthquake</strong>!<br></div><div class="battle-history"><small>(The opposing Dugtrio lost 100% of its health!)</small><br></div><div class="spacer battle-history"><br></div><div class="battle-history">The opposing Dugtrio fainted!<br></div><div class="spacer battle-history"><br></div><div class="battle-history"><strong>bynum</strong> won the battle!<br></div><div class="chat chatmessage-447323a"><strong style="color:#ad7131"><small>☆</small><span class="username" data-name="447323a">447323a</span>:</strong> <em>gg</em></div><div class="chat chatmessage-bynum"><strong style="color:#0aa6b1"><small>☆</small><span class="username" data-name="bynum">bynum</span>:</strong> <em>gg</em></div><div class="chat"><small>☆447323a left</small></div></div><div class="inner-preempt message-log"></div></div></div>
</div>
<script>
let daily = Math.floor(Date.now()/1000/60/60/24);document.write('<script src="http://petmodsdh.com/js/replay-embed.js?version'+daily+'"></'+'script>');
</script>
