<!DOCTYPE html>
<meta charset="utf-8" />
<!-- version 1 -->
<title>[Gen 8] JolteMons replay: Beaf Cultist vs. what is a pet mod</title>
<style>
html,body {font-family:Verdana, sans-serif;font-size:10pt;margin:0;padding:0;}body{padding:12px 0;} .battle-log {font-family:Verdana, sans-serif;font-size:10pt;} .battle-log-inline {border:1px solid #AAAAAA;background:#EEF2F5;color:black;max-width:640px;margin:0 auto 80px;padding-bottom:5px;} .battle-log .inner {padding:4px 8px 0px 8px;} .battle-log .inner-preempt {padding:0 8px 4px 8px;} .battle-log .inner-after {margin-top:0.5em;} .battle-log h2 {margin:0.5em -8px;padding:4px 8px;border:1px solid #AAAAAA;background:#E0E7EA;border-left:0;border-right:0;font-family:Verdana, sans-serif;font-size:13pt;} .battle-log .chat {vertical-align:middle;padding:3px 0 3px 0;font-size:8pt;} .battle-log .chat strong {color:#40576A;} .battle-log .chat em {padding:1px 4px 1px 3px;color:#000000;font-style:normal;} .chat.mine {background:rgba(0,0,0,0.05);margin-left:-8px;margin-right:-8px;padding-left:8px;padding-right:8px;} .spoiler {color:#BBBBBB;background:#BBBBBB;padding:0px 3px;} .spoiler:hover, .spoiler:active, .spoiler-shown {color:#000000;background:#E2E2E2;padding:0px 3px;} .spoiler a {color:#BBBBBB;} .spoiler:hover a, .spoiler:active a, .spoiler-shown a {color:#2288CC;} .chat code, .chat .spoiler:hover code, .chat .spoiler:active code, .chat .spoiler-shown code {border:1px solid #C0C0C0;background:#EEEEEE;color:black;padding:0 2px;} .chat .spoiler code {border:1px solid #CCCCCC;background:#CCCCCC;color:#CCCCCC;} .battle-log .rated {padding:3px 4px;} .battle-log .rated strong {color:white;background:#89A;padding:1px 4px;border-radius:4px;} .spacer {margin-top:0.5em;} .message-announce {background:#6688AA;color:white;padding:1px 4px 2px;} .message-announce a, .broadcast-green a, .broadcast-blue a, .broadcast-red a {color:#DDEEFF;} .broadcast-green {background-color:#559955;color:white;padding:2px 4px;} .broadcast-blue {background-color:#6688AA;color:white;padding:2px 4px;} .infobox {border:1px solid #6688AA;padding:2px 4px;} .infobox-limited {max-height:200px;overflow:auto;overflow-x:hidden;} .broadcast-red {background-color:#AA5544;color:white;padding:2px 4px;} .message-learn-canlearn {font-weight:bold;color:#228822;text-decoration:underline;} .message-learn-cannotlearn {font-weight:bold;color:#CC2222;text-decoration:underline;} .message-effect-weak {font-weight:bold;color:#CC2222;} .message-effect-resist {font-weight:bold;color:#6688AA;} .message-effect-immune {font-weight:bold;color:#666666;} .message-learn-list {margin-top:0;margin-bottom:0;} .message-throttle-notice, .message-error {color:#992222;} .message-overflow, .chat small.message-overflow {font-size:0pt;} .message-overflow::before {font-size:9pt;content:'...';} .subtle {color:#3A4A66;}
</style>
<div class="wrapper replay-wrapper" style="max-width:1180px;margin:0 auto">
<input type="hidden" name="replayid" value="dragonheaven-gen8joltemons-3" />
<div class="battle"></div><div class="battle-log"></div><div class="replay-controls"></div><div class="replay-controls-2"></div>
<h1 style="font-weight:normal;text-align:center"><strong>[Gen 8] JolteMons</strong><br /><a href="http://pokemonshowdown.com/users/beafcultist" class="subtle" target="_blank">Beaf Cultist</a> vs. <a href="http://pokemonshowdown.com/users/whatisapetmod" class="subtle" target="_blank">what is a pet mod</a></h1>
<script type="text/plain" class="battle-log-data">|j|☆Beaf Cultist
|j|☆what is a pet mod
|t:|1651445991
|player|p1|Beaf Cultist|2|
|player|p2|what is a pet mod|1|
|teamsize|p1|6
|teamsize|p2|6
|gametype|singles
|gen|8
|tier|[Gen 8] JolteMons
|clearpoke
|poke|p1|Darmanitan-Galar, M|
|poke|p1|Corviknight, F|
|poke|p1|Zapdos-Galar|
|poke|p1|Clefable, F|
|poke|p1|Garchomp, M|
|poke|p1|Venusaur, M|
|poke|p2|Beedrill, M|
|poke|p2|Magnezone|
|poke|p2|Ferrothorn, F|
|poke|p2|Slowbro, F|
|poke|p2|Clefable, M|
|poke|p2|Moltres-Galar|
|rule|HP Percentage Mod: HP is shown in percentages
|rule|Endless Battle Clause: Forcing endless battles is banned
|rule|OHKO Clause: OHKO moves are banned
|rule|Evasion Moves Clause: Evasion moves are banned
|rule|Species Clause: Limit one of each Pokémon
|rule|Dynamax Clause: You cannot dynamax
|rule|Sleep Clause Mod: Limit one foe put to sleep
|teampreview

|j|+Earlio2
|j|~piikiki4
|c|+Earlio2|is this for pmpl
|c|☆what is a pet mod|ye
|c|~piikiki4|joltemons content !!
|j|+Gekokeso
|c|☆what is a pet mod|glhf
|c|+Gekokeso|glhf
|c|+Earlio2|beezone click x beaf
|c|~piikiki4|finally, not HO vs HO
|c|☆what is a pet mod|ive never played this tier before and idt my team has either
|c|+Earlio2|if that mega venu has the burn powder istg
|c|+Earlio2|nah that team looks legit
|j|+zxgzxg
|j|+analysis geek
|j|+Gravity Monkey
|c|+analysis geek|:o not HO!
|c|+zxgzxg|LMAOOOOO
|
|t:|1651446094
|start
|switch|p1a: Venusaur|Venusaur, M|100\/100
|switch|p2a: Clefable|Clefable, M|100\/100
|turn|1
|c|+Gravity Monkey|No ghost types?
|c|+zxgzxg|THE BEEEEEZONEEEEE
|
|t:|1651446103
|switch|p2a: Moltres|Moltres-Galar|100\/100
|-start|p2a: Moltres|typechange|Dark\/Flying|[silent]
|raw|<ul class="utilichart"><li class="result"><span class="col pokemonnamecol" style="white-space: nowrap">Moltres-Galar<\/span> <span class="col typecol"><img src="https:\/\/dragonheaven.herokuapp.com\/sprites\/types\/Dark.png" alt="Dark" height="14" width="32"><img src="https:\/\/dragonheaven.herokuapp.com\/sprites\/types\/Flying.png" alt="Flying" height="14" width="32"><\/span> <span style="float: left ; min-height: 26px"><span class="col abilitycol">Berserk \/ Regenerator<\/span><span class="col abilitycol"><\/span><\/span><\/li><li style="clear: both"><\/li><\/ul>
|raw|<ul class="utilichart"><li class="result"><span style="float: left ; min-height: 26px"><span class="col statcol"><em>HP<\/em><br>90<\/span> <span class="col statcol"><em>Atk<\/em><br>85<\/span> <span class="col statcol"><em>Def<\/em><br>90<\/span> <span class="col statcol"><em>SpA<\/em><br>100<\/span> <span class="col statcol"><em>SpD<\/em><br>125<\/span> <span class="col statcol"><em>Spe<\/em><br>90<\/span> <\/span><\/li><li style="clear: both"><\/li><\/ul>
|detailschange|p1a: Venusaur|Venusaur-Mega, M
|-mega|p1a: Venusaur|Venusaur|Venusaurite
|-start|p1a: Venusaur|typechange|Grass\/Poison|[silent]
|raw|<ul class="utilichart"><li class="result"><span class="col pokemonnamecol" style="white-space: nowrap">Venusaur-Mega<\/span> <span class="col typecol"><img src="https:\/\/dragonheaven.herokuapp.com\/sprites\/types\/Grass.png" alt="Grass" height="14" width="32"><img src="https:\/\/dragonheaven.herokuapp.com\/sprites\/types\/Poison.png" alt="Poison" height="14" width="32"><\/span> <span style="float: left ; min-height: 26px"><span class="col abilitycol">Thick Fat<\/span><span class="col abilitycol"><\/span><\/span><span style="float: left ; min-height: 26px"><span class="col statcol"><em>HP<\/em><br>80<\/span> <span class="col statcol"><em>Atk<\/em><br>100<\/span> <span class="col statcol"><em>Def<\/em><br>123<\/span> <span class="col statcol"><em>SpA<\/em><br>122<\/span> <span class="col statcol"><em>SpD<\/em><br>120<\/span> <span class="col statcol"><em>Spe<\/em><br>80<\/span> <\/span><\/li><li style="clear: both"><\/li><\/ul>
|move|p1a: Venusaur|Rash Powder||[still]
|-anim|p1a: Venusaur|Spore|p2a: Moltres
|-status|p2a: Moltres|brn
|
|-damage|p2a: Moltres|94\/100 brn|[from] brn
|upkeep
|turn|2
|j|+regic boat
|j| joltemonsisapetmod
|c|+Earlio2|fuuuuck im gonna trap steels
|j| CunoGate
|
|t:|1651446123
|switch|p1a: Zapdos|Zapdos-Galar|100\/100
|-start|p1a: Zapdos|typechange|Fighting\/Flying|[silent]
|raw|<ul class="utilichart"><li class="result"><span class="col pokemonnamecol" style="white-space: nowrap">Zapdos-Galar<\/span> <span class="col typecol"><img src="https:\/\/dragonheaven.herokuapp.com\/sprites\/types\/Fighting.png" alt="Fighting" height="14" width="32"><img src="https:\/\/dragonheaven.herokuapp.com\/sprites\/types\/Flying.png" alt="Flying" height="14" width="32"><\/span> <span style="float: left ; min-height: 26px"><span class="col abilitycol">Defiant \/ Intimidate<\/span><span class="col abilitycol"><\/span><\/span><\/li><li style="clear: both"><\/li><\/ul>
|raw|<ul class="utilichart"><li class="result"><span style="float: left ; min-height: 26px"><span class="col statcol"><em>HP<\/em><br>90<\/span> <span class="col statcol"><em>Atk<\/em><br>125<\/span> <span class="col statcol"><em>Def<\/em><br>90<\/span> <span class="col statcol"><em>SpA<\/em><br>85<\/span> <span class="col statcol"><em>SpD<\/em><br>90<\/span> <span class="col statcol"><em>Spe<\/em><br>100<\/span> <\/span><\/li><li style="clear: both"><\/li><\/ul>
|move|p2a: Moltres|U-turn|p1a: Zapdos
|-resisted|p1a: Zapdos
|-damage|p1a: Zapdos|99\/100
|
|t:|1651446127
|switch|p2a: Clefable|Clefable, M|100\/100|[from]move: U-turn
|
|upkeep
|turn|3
|
|t:|1651446132
|move|p1a: Zapdos|U-turn|p2a: Clefable
|-resisted|p2a: Clefable
|-damage|p2a: Clefable|88\/100
|-damage|p1a: Zapdos|82\/100|[from] item: Rocky Helmet|[of] p2a: Clefable
|c| CunoGate|who vs beaf
|c|~piikiki4|Xrn
|c| CunoGate|o
|
|t:|1651446141
|switch|p1a: Venusaur|Venusaur-Mega, M|100\/100|[from]move: U-turn
|-start|p1a: Venusaur|typechange|Grass\/Poison|[silent]
|move|p2a: Clefable|Stealth Rock|p1a: Venusaur
|-sidestart|p1: Beaf Cultist|move: Stealth Rock
|
|upkeep
|turn|4
|
|t:|1651446151
|switch|p2a: Ferrothorn|Ferrothorn, F|100\/100
|move|p1a: Venusaur|Sludge Bomb|p2a: Ferrothorn
|-immune|p2a: Ferrothorn
|
|upkeep
|turn|5
|
|t:|1651446160
|switch|p2a: Moltres|Moltres-Galar|100\/100 brn
|-start|p2a: Moltres|typechange|Dark\/Flying|[silent]
|move|p1a: Venusaur|Rash Powder||[still]
|-anim|p1a: Venusaur|Spore|p2a: Moltres
|-fail|p2a: Moltres|brn
|
|-damage|p2a: Moltres|94\/100 brn|[from] brn
|upkeep
|turn|6
|
|t:|1651446167
|switch|p1a: Corviknight|Corviknight, F|100\/100
|-damage|p1a: Corviknight|88\/100|[from] Stealth Rock
|-ability|p1a: Corviknight|Pressure
|move|p2a: Moltres|Hurricane|p1a: Corviknight
|-resisted|p1a: Corviknight
|-damage|p1a: Corviknight|72\/100
|
|-damage|p2a: Moltres|88\/100 brn|[from] brn
|upkeep
|turn|7
|
|t:|1651446182
|move|p2a: Moltres|Fiery Wrath|p1a: Corviknight
|-damage|p1a: Corviknight|44\/100
|move|p1a: Corviknight|Defog|p2a: Moltres
|-unboost|p2a: Moltres|evasion|1
|-sideend|p1: Beaf Cultist|Stealth Rock|[from] move: Defog|[of] p1a: Corviknight
|
|-damage|p2a: Moltres|82\/100 brn|[from] brn
|upkeep
|turn|8
|
|t:|1651446190
|move|p2a: Moltres|U-turn|p1a: Corviknight
|-resisted|p1a: Corviknight
|-crit|p1a: Corviknight
|-damage|p1a: Corviknight|42\/100
|-damage|p2a: Moltres|66\/100 brn|[from] item: Rocky Helmet|[of] p1a: Corviknight
|
|t:|1651446194
|switch|p2a: Slowbro|Slowbro, F|100\/100|[from]move: U-turn
|move|p1a: Corviknight|Roost|p1a: Corviknight
|-heal|p1a: Corviknight|92\/100
|-singleturn|p1a: Corviknight|move: Roost
|
|upkeep
|turn|9
|
|t:|1651446203
|move|p1a: Corviknight|U-turn|p2a: Slowbro
|-supereffective|p2a: Slowbro
|-damage|p2a: Slowbro|84\/100
|c|+analysis geek|birb v birb steel birb won
|
|t:|1651446211
|switch|p1a: Clefable|Clefable, F|100\/100|[from]move: U-turn
|move|p2a: Slowbro|Future Sight|p1a: Clefable
|-start|p2a: Slowbro|move: Future Sight
|
|upkeep
|turn|10
|
|t:|1651446221
|switch|p2a: Magnezone|Magnezone|100\/100
|move|p1a: Clefable|Mystical Fire|p2a: Magnezone
|-supereffective|p2a: Magnezone
|-damage|p2a: Magnezone|59\/100
|-unboost|p2a: Magnezone|spa|1
|
|upkeep
|turn|11
|c| CunoGate|have faith in gzap
|c|+Earlio2|mystical fire clef :hot:
|
|t:|1651446242
|switch|p1a: Venusaur|Venusaur-Mega, M|100\/100
|-start|p1a: Venusaur|typechange|Grass\/Poison|[silent]
|move|p2a: Magnezone|Flash Cannon|p1a: Venusaur
|-damage|p1a: Venusaur|72\/100
|
|-end|p1a: Venusaur|move: Future Sight
|-supereffective|p1a: Venusaur
|-damage|p1a: Venusaur|22\/100
|upkeep
|turn|12
|c| CunoGate|ooo
|c|~piikiki4|never occured to me it learned that wtf
|c| CunoGate|beaf...
|c|+Earlio2|who's cunogate
|c|+Earlio2|moretto?
|c| CunoGate|ye
|c|~piikiki4|luke i assume
|c|+analysis geek|clef movepool huge
|c|~piikiki4|i assumed wrong
|
|t:|1651446286
|switch|p1a: Darmanitan-Galar-Z|Darmanitan-Galar, M|100\/100
|-start|p1a: Darmanitan-Galar-Z|typechange|Ice|[silent]
|raw|<ul class="utilichart"><li class="result"><span class="col pokemonnamecol" style="white-space: nowrap">Darmanitan-Galar<\/span> <span class="col typecol"><img src="https:\/\/dragonheaven.herokuapp.com\/sprites\/types\/Ice.png" alt="Ice" height="14" width="32"><\/span> <span style="float: left ; min-height: 26px"><span class="col abilitycol">Gorilla Tactics \/ Snow Cloak \/ Zen Mode<\/span><span class="col abilitycol"><\/span><\/span><\/li><li style="clear: both"><\/li><\/ul>
|raw|<ul class="utilichart"><li class="result"><span style="float: left ; min-height: 26px"><span class="col statcol"><em>HP<\/em><br>105<\/span> <span class="col statcol"><em>Atk<\/em><br>140<\/span> <span class="col statcol"><em>Def<\/em><br>55<\/span> <span class="col statcol"><em>SpA<\/em><br>30<\/span> <span class="col statcol"><em>SpD<\/em><br>55<\/span> <span class="col statcol"><em>Spe<\/em><br>95<\/span> <\/span><\/li><li style="clear: both"><\/li><\/ul>
|-item|p1a: Darmanitan-Galar-Z|Chill Pill
|-formechange|p1a: Darmanitan-Galar-Z|Darmanitan-Galar-Zen|[msg]
|-formechange|p1a: Darmanitan-Galar-Z|Darmanitan-Galar-Zen|
|-weather|Hail|[from] ability: Snow Warning|[of] p1a: Darmanitan-Galar-Z
|-activate|p1a: Darmanitan-Galar-Z|ability: Snow Warning|zenmode|[of] p1a: Darmanitan-Galar-Z
|move|p2a: Magnezone|Flash Cannon|p1a: Darmanitan-Galar-Z
|-damage|p1a: Darmanitan-Galar-Z|30\/100
|-unboost|p1a: Darmanitan-Galar-Z|spd|1
|
|-weather|Hail|[upkeep]
|-damage|p2a: Magnezone|53\/100|[from] Hail
|upkeep
|turn|13
|c| CunoGate|say gg
|
|t:|1651446311
|switch|p2a: Ferrothorn|Ferrothorn, F|100\/100
|move|p1a: Darmanitan-Galar-Z|U-turn|p2a: Ferrothorn
|-crit|p2a: Ferrothorn
|-damage|p2a: Ferrothorn|66\/100
|-damage|p1a: Darmanitan-Galar-Z|17\/100|[from] ability: Iron Barbs|[of] p2a: Ferrothorn
|c|+analysis geek|im surprised that lived
|c|+Earlio2|holy crap what a call
|c|☆what is a pet mod|chip
|c|+Earlio2|bro in the back, goes ferro on the fire for that chip
|
|t:|1651446333
|switch|p1a: Clefable|Clefable, F|100\/100|[from]move: U-turn
|
|-weather|Hail|[upkeep]
|-damage|p2a: Ferrothorn|60\/100|[from] Hail
|-heal|p2a: Ferrothorn|66\/100|[from] item: Leftovers
|upkeep
|turn|14
|c|+zxgzxg|4d chess
|
|t:|1651446352
|switch|p2a: Slowbro|Slowbro, F|100\/100
|move|p1a: Clefable|Mystical Fire|p2a: Slowbro
|-resisted|p2a: Slowbro
|-damage|p2a: Slowbro|93\/100
|-unboost|p2a: Slowbro|spa|1
|
|-weather|Hail|[upkeep]
|-damage|p2a: Slowbro|87\/100|[from] Hail
|upkeep
|turn|15
|c|+Gravity Monkey|plays. 
|c|+zxgzxg|however, the gourgs play 5d chess
|c|+Gekokeso|xrn just built differently
|c|+zxgzxg|B0
|
|t:|1651446362
|move|p1a: Clefable|Calm Mind|p1a: Clefable
|-boost|p1a: Clefable|spa|1
|-boost|p1a: Clefable|spd|1
|move|p2a: Slowbro|Teleport|p2a: Slowbro
|c|+zxgzxg|B)
|
|t:|1651446366
|switch|p2a: Magnezone|Magnezone|53\/100|[from]move: Teleport
|
|-weather|Hail|[upkeep]
|-damage|p2a: Magnezone|47\/100|[from] Hail
|upkeep
|turn|16
|c|+regic boat|zxgzxg true!
|c|~piikiki4|not the clefable forma de mega latias
|c| CunoGate|CRACKED
|c|+Earlio2|beeezzoooone
|c|+zxgzxg|beeeeezoooooooonneeeee
|c|+Earlio2|reveal steel type volt
|c|+analysis geek|BEEE ZONE
|c|+Earlio2|(does not exist)
|j|~AquaticPanic
|c|☆what is a pet mod|!dt steel beam
|raw|<ul class="utilichart"><li class="result"><span class="col movenamecol"><a href="https:\/\/dex.pokemonshowdown.com\/moves\/steelbeam">Steel Beam<\/a><\/span> <span class="col typecol"><img src="\/\/dragonheaven.herokuapp.com\/sprites\/types\/Steel.png" alt="Steel" width="32" height="14"><img src="\/\/dragonheaven.herokuapp.com\/sprites\/categories\/Special.png" alt="Special" width="32" height="14"><\/span> <span class="col labelcol"><em>Power<\/em><br>140<\/span> <span class="col widelabelcol"><em>Accuracy<\/em><br>95%<\/span> <span class="col pplabelcol"><em>PP<\/em><br>8<\/span> <span class="col movedesccol">User loses 50% max HP.<\/span> <\/li><li style="clear:both"><\/li><\/ul>
|raw|<font size="1"><font color="#686868">Priority:<\/font> 0&nbsp;|&ThickSpace;<font color="#686868">Gen:<\/font> 8&nbsp;|&ThickSpace;<font color="#686868">Z-Power:<\/font> 200&nbsp;|&ThickSpace;<font color="#686868">Dynamax Power:<\/font> 140&nbsp;|&ThickSpace;<font color="#686868">Target:<\/font> One Adjacent Pokémon<\/font>

|c|+zxgzxg|im council
|c|+zxgzxg|i can make it happen
|n|~DuoM2|joltemonsisapetmod
|c|+analysis geek|lol
|c|+zxgzxg|B)
|c|+Earlio2|ur right that is a pivoting move
|c|~piikiki4|let's make flip turn steel-type
|
|t:|1651446425
|move|p2a: Magnezone|Volt Switch|p1a: Clefable
|-damage|p1a: Clefable|64\/100
|
|t:|1651446428
|switch|p2a: Ferrothorn|Ferrothorn, F|66\/100|[from]move: Volt Switch
|move|p1a: Clefable|Mystical Fire|p2a: Ferrothorn
|-supereffective|p2a: Ferrothorn
|-damage|p2a: Ferrothorn|5\/100
|-unboost|p2a: Ferrothorn|spa|1
|
|-weather|none
|-heal|p1a: Clefable|71\/100|[from] item: Leftovers
|-heal|p2a: Ferrothorn|11\/100|[from] item: Leftovers
|upkeep
|turn|17
|c| CunoGate|true
|c|+zxgzxg|gen 2 style pivoting
|c|☆what is a pet mod|whyd i love
|c|☆what is a pet mod|live
|c|☆what is a pet mod|.
|c|+Earlio2|mystical fine moment 
|c|+Gravity Monkey|PLAYS
|c|+analysis geek|you are a ferrothron
|
|t:|1651446447
|move|p1a: Clefable|Calm Mind|p1a: Clefable
|-boost|p1a: Clefable|spa|1
|-boost|p1a: Clefable|spd|1
|move|p2a: Ferrothorn|Knock Off|p1a: Clefable
|-resisted|p1a: Clefable
|-damage|p1a: Clefable|62\/100
|-enditem|p1a: Clefable|Leftovers|[from] move: Knock Off|[of] p2a: Ferrothorn
|
|-heal|p2a: Ferrothorn|17\/100|[from] item: Leftovers
|upkeep
|turn|18
|c|+zxgzxg|bro i was so scared
|c|+Earlio2|why the cm clef got mystical fire fr
|c| CunoGate|Mystical Fire is a move made just so it misses on specific KOs
|c| CunoGate|Did you know?
|
|t:|1651446483
|switch|p2a: Beedrill|Beedrill, M|100\/100
|move|p1a: Clefable|Mystical Fire|p2a: Beedrill
|-supereffective|p2a: Beedrill
|-damage|p2a: Beedrill|0 fnt
|faint|p2a: Beedrill
|
|upkeep
|c|+Earlio2|who's ghosting the timer here
|c|☆what is a pet mod|L
|
|t:|1651446488
|switch|p2a: Magnezone|Magnezone|47\/100
|turn|19
|c|+zxgzxg|NOOOO
|inactive|Battle timer is ON: inactive players will automatically lose when time's up. (requested by what is a pet mod)
|c|+analysis geek|was gonna say to beat other clefs but flamethrower has more pp
|c|+Earlio2|:whaugh:
|
|t:|1651446493
|move|p2a: Magnezone|Flash Cannon|p1a: Clefable
|-supereffective|p1a: Clefable
|-damage|p1a: Clefable|0 fnt
|faint|p1a: Clefable
|
|upkeep
|c|+analysis geek|HUH
|c|+zxgzxg|______ZONEEEEEEE
|c|~piikiki4|is that why they buffed it to 75 bp in gen 7 so it misses the koes more closely
|c|+regic boat|ZONEEEEE
|
|t:|1651446500
|switch|p1a: Zapdos|Zapdos-Galar|82\/100
|-start|p1a: Zapdos|typechange|Fighting\/Flying|[silent]
|turn|20
|c|+Earlio2|no bees?
|c|+regic boat|no bees?
|c| CunoGate|Watch the timer!
|c|+zxgzxg|no bee thces
|c|+Earlio2|@cunogate timer
|
|t:|1651446523
|switch|p2a: Slowbro|Slowbro, F|100\/100
|move|p1a: Zapdos|Brave Bird|p2a: Slowbro
|-damage|p2a: Slowbro|50\/100
|-damage|p1a: Zapdos|62\/100|[from] Recoil
|
|upkeep
|turn|21
|
|t:|1651446531
|switch|p2a: Magnezone|Magnezone|47\/100
|move|p1a: Zapdos|Brave Bird|p2a: Magnezone
|-resisted|p2a: Magnezone
|-damage|p2a: Magnezone|25\/100
|-damage|p1a: Zapdos|56\/100|[from] Recoil
|
|upkeep
|turn|22
|c| CunoGate|zamn
|j|+EeveeGirl1380
|
|t:|1651446544
|switch|p1a: Garchomp|Garchomp, M|100\/100
|move|p2a: Magnezone|Volt Switch|p1a: Garchomp
|-immune|p1a: Garchomp
|
|upkeep
|turn|23
|c|☆what is a pet mod|not quite
|c|☆what is a pet mod|L again
|
|t:|1651446563
|switch|p2a: Clefable|Clefable, M|88\/100
|move|p1a: Garchomp|Swords Dance|p1a: Garchomp
|-boost|p1a: Garchomp|atk|2
|
|upkeep
|turn|24
|c|+regic boat|reveal steel type volt
|c|+Gravity Monkey|reveal hp ice
|
|t:|1651446570
|move|p1a: Garchomp|Earthquake|p2a: Clefable
|-damage|p2a: Clefable|0 fnt
|-damage|p1a: Garchomp|91\/100|[from] item: Life Orb
|faint|p2a: Clefable
|
|upkeep
|c| CunoGate|ZAMN
|c|☆what is a pet mod|GG.
|c|+zxgzxg|reveal your address O_O
|-message|what is a pet mod forfeited.
|
|win|Beaf Cultist
|c|☆Beaf Cultist|gg
|c|~AquaticPanic|reveal your credit card details</script>
</div>
<div class="battle-log battle-log-inline"><div class="inner"><div class="battle-options"><div style="padding-top: 3px; padding-right: 3px; text-align: right"><button class="icon button" name="openBattleOptions" title="Options">Battle Options</button></div></div><div class="inner message-log"><div class="chat"><small>☆Beaf Cultist and ☆what is a pet mod joined</small></div><div class=""><small>Format:</small> <br><strong>[Gen 8] JolteMons</strong></div><div class=""><small><em>HP Percentage Mod:</em> HP is shown in percentages</small></div><div class=""><small><em>Endless Battle Clause:</em> Forcing endless battles is banned</small></div><div class=""><small><em>OHKO Clause:</em> OHKO moves are banned</small></div><div class=""><small><em>Evasion Moves Clause:</em> Evasion moves are banned</small></div><div class=""><small><em>Species Clause:</em> Limit one of each Pokémon</small></div><div class=""><small><em>Dynamax Clause:</em> You cannot dynamax</small></div><div class=""><small><em>Sleep Clause Mod:</em> Limit one foe put to sleep</small></div><div class="chat battle-history"><strong>Beaf Cultist's team:</strong> <em style="color:#445566;display:block;">Darmanitan-Galar / Corviknight / Zapdos-Galar / Clefable / Garchomp / Venusaur</em></div><div class="chat battle-history"><strong>what is a pet mod's team:</strong> <em style="color:#445566;display:block;">Beedrill / Magnezone / Ferrothorn / Slowbro / Clefable / Moltres-Galar</em></div><div class="chat"><small>+Earlio2 and ~piikiki4 joined</small></div><div class="chat chatmessage-earlio2"><strong style="color:#60923a"><small>+</small><span class="username" data-name="Earlio2">Earlio2</span>:</strong> <em>is this for pmpl</em></div><div class="chat chatmessage-whatisapetmod"><strong style="color:#be8e13"><small>☆</small><span class="username" data-name="what is a pet mod">what is a pet mod</span>:</strong> <em>ye</em></div><div class="chat chatmessage-piikiki4 mine"><strong style="color:#0ea80c"><small>~</small><span class="username" data-name="piikiki4">piikiki4</span>:</strong> <em>joltemons content !!</em></div><div class="chat"><small>+Gekokeso joined</small></div><div class="chat chatmessage-whatisapetmod"><strong style="color:#be8e13"><small>☆</small><span class="username" data-name="what is a pet mod">what is a pet mod</span>:</strong> <em>glhf</em></div><div class="chat chatmessage-gekokeso"><strong style="color:#9b940e"><small>+</small><span class="username" data-name="Gekokeso">Gekokeso</span>:</strong> <em>glhf</em></div><div class="chat chatmessage-earlio2"><strong style="color:#60923a"><small>+</small><span class="username" data-name="Earlio2">Earlio2</span>:</strong> <em>beezone click x beaf</em></div><div class="chat chatmessage-piikiki4 mine"><strong style="color:#0ea80c"><small>~</small><span class="username" data-name="piikiki4">piikiki4</span>:</strong> <em>finally, not HO vs HO</em></div><div class="chat chatmessage-whatisapetmod"><strong style="color:#be8e13"><small>☆</small><span class="username" data-name="what is a pet mod">what is a pet mod</span>:</strong> <em>ive never played this tier before and idt my team has either</em></div><div class="chat chatmessage-earlio2"><strong style="color:#60923a"><small>+</small><span class="username" data-name="Earlio2">Earlio2</span>:</strong> <em>if that mega venu has the burn powder istg</em></div><div class="chat chatmessage-earlio2"><strong style="color:#60923a"><small>+</small><span class="username" data-name="Earlio2">Earlio2</span>:</strong> <em>nah that team looks legit</em></div><div class="chat"><small>+zxgzxg, +analysis geek, and +Gravity Monkey joined</small></div><div class="chat chatmessage-analysisgeek"><strong style="color:#3e7fb9"><small>+</small><span class="username" data-name="analysis geek">analysis geek</span>:</strong> <em>:o not HO!</em></div><div class="chat chatmessage-zxgzxg"><strong style="color:#8f19ef"><small>+</small><span class="username" data-name="zxgzxg">zxgzxg</span>:</strong> <em>LMAOOOOO</em></div><div class="spacer battle-history"><br></div><div class="battle-history">Battle started between Beaf Cultist and what is a pet mod!<br></div><div class="spacer battle-history"><br></div><div class="battle-history">Go! <strong>Venusaur</strong>!<br></div><div class="spacer battle-history"><br></div><div class="battle-history">what is a pet mod sent out <strong>Clefable</strong>!<br></div><div class="spacer battle-history"><br></div><h2 class="battle-history">Turn 1</h2><div class="chat chatmessage-gravitymonkey"><strong style="color:#a3742e"><small>+</small><span class="username" data-name="Gravity Monkey">Gravity Monkey</span>:</strong> <em>No ghost types?</em></div><div class="chat chatmessage-zxgzxg"><strong style="color:#8f19ef"><small>+</small><span class="username" data-name="zxgzxg">zxgzxg</span>:</strong> <em>THE BEEEEEZONEEEEE</em></div><div class="spacer battle-history"><br></div><div class="battle-history">what is a pet mod withdrew Clefable!<br></div><div class="battle-history">what is a pet mod sent out Moltres (<strong>Moltres-Galar</strong>)!<br></div><div class="chat"><ul class="utilichart"><li class="result"><span class="col pokemonnamecol" style="white-space: nowrap">Moltres-Galar</span> <span class="col typecol"><img src="https://dragonheaven.herokuapp.com/sprites/types/Dark.png" alt="Dark" height="14" width="32"><img src="https://dragonheaven.herokuapp.com/sprites/types/Flying.png" alt="Flying" height="14" width="32"></span> <span style="float: left ; min-height: 26px"><span class="col abilitycol">Berserk / Regenerator</span><span class="col abilitycol"></span></span></li><li style="clear: both"></li></ul></div><div class="chat"><ul class="utilichart"><li class="result"><span style="float: left ; min-height: 26px"><span class="col statcol"><em>HP</em><br>90</span> <span class="col statcol"><em>Atk</em><br>85</span> <span class="col statcol"><em>Def</em><br>90</span> <span class="col statcol"><em>SpA</em><br>100</span> <span class="col statcol"><em>SpD</em><br>125</span> <span class="col statcol"><em>Spe</em><br>90</span> </span></li><li style="clear: both"></li></ul></div><div class="spacer battle-history"><br></div><div class="battle-history"><small>Venusaur's Venusaurite is reacting to the Key Stone!</small><br>Venusaur has Mega Evolved into Mega Venusaur!<br></div><div class="chat"><ul class="utilichart"><li class="result"><span class="col pokemonnamecol" style="white-space: nowrap">Venusaur-Mega</span> <span class="col typecol"><img src="https://dragonheaven.herokuapp.com/sprites/types/Grass.png" alt="Grass" height="14" width="32"><img src="https://dragonheaven.herokuapp.com/sprites/types/Poison.png" alt="Poison" height="14" width="32"></span> <span style="float: left ; min-height: 26px"><span class="col abilitycol">Thick Fat</span><span class="col abilitycol"></span></span><span style="float: left ; min-height: 26px"><span class="col statcol"><em>HP</em><br>80</span> <span class="col statcol"><em>Atk</em><br>100</span> <span class="col statcol"><em>Def</em><br>123</span> <span class="col statcol"><em>SpA</em><br>122</span> <span class="col statcol"><em>SpD</em><br>120</span> <span class="col statcol"><em>Spe</em><br>80</span> </span></li><li style="clear: both"></li></ul></div><div class="spacer battle-history"><br></div><div class="battle-history">Venusaur used <strong>Rash Powder</strong>!<br></div><div class="battle-history"><small>The opposing Moltres was burned!</small><br></div><div class="spacer battle-history"><br></div><div class="battle-history"><small>The opposing Moltres was hurt by its burn!</small><br></div><div class="spacer battle-history"><br></div><h2 class="battle-history">Turn 2</h2><div class="chat"><small>+regic boat and  joltemonsisapetmod joined</small></div><div class="chat chatmessage-earlio2"><strong style="color:#60923a"><small>+</small><span class="username" data-name="Earlio2">Earlio2</span>:</strong> <em>fuuuuck im gonna trap steels</em></div><div class="chat"><small> CunoGate joined</small></div><div class="spacer battle-history"><br></div><div class="battle-history">Venusaur, come back!<br></div><div class="battle-history">Go! Zapdos (<strong>Zapdos-Galar</strong>)!<br></div><div class="chat"><ul class="utilichart"><li class="result"><span class="col pokemonnamecol" style="white-space: nowrap">Zapdos-Galar</span> <span class="col typecol"><img src="https://dragonheaven.herokuapp.com/sprites/types/Fighting.png" alt="Fighting" height="14" width="32"><img src="https://dragonheaven.herokuapp.com/sprites/types/Flying.png" alt="Flying" height="14" width="32"></span> <span style="float: left ; min-height: 26px"><span class="col abilitycol">Defiant / Intimidate</span><span class="col abilitycol"></span></span></li><li style="clear: both"></li></ul></div><div class="chat"><ul class="utilichart"><li class="result"><span style="float: left ; min-height: 26px"><span class="col statcol"><em>HP</em><br>90</span> <span class="col statcol"><em>Atk</em><br>125</span> <span class="col statcol"><em>Def</em><br>90</span> <span class="col statcol"><em>SpA</em><br>85</span> <span class="col statcol"><em>SpD</em><br>90</span> <span class="col statcol"><em>Spe</em><br>100</span> </span></li><li style="clear: both"></li></ul></div><div class="spacer battle-history"><br></div><div class="battle-history">The opposing Moltres used <strong>U-turn</strong>!<br></div><div class="battle-history"><small>It's not very effective...</small><br></div><div class="battle-history"><small>(Zapdos lost 1% of its health!)</small><br></div><div class="spacer battle-history"><br></div><div class="battle-history">The opposing Moltres went back to what is a pet mod!<br></div><div class="battle-history">what is a pet mod sent out <strong>Clefable</strong>!<br></div><div class="spacer battle-history"><br></div><h2 class="battle-history">Turn 3</h2><div class="spacer battle-history"><br></div><div class="battle-history">Zapdos used <strong>U-turn</strong>!<br></div><div class="battle-history"><small>It's not very effective...</small><br></div><div class="battle-history"><small>(The opposing Clefable lost 12% of its health!)</small><br></div><div class="battle-history"><small>Zapdos was hurt by the Rocky Helmet!</small><br></div><div class="chat chatmessage-cunogate"><strong style="color:#308844"><small> </small><span class="username" data-name="CunoGate">CunoGate</span>:</strong> <em>who vs beaf</em></div><div class="chat chatmessage-piikiki4 mine"><strong style="color:#0ea80c"><small>~</small><span class="username" data-name="piikiki4">piikiki4</span>:</strong> <em>Xrn</em></div><div class="chat chatmessage-cunogate"><strong style="color:#308844"><small> </small><span class="username" data-name="CunoGate">CunoGate</span>:</strong> <em>o</em></div><div class="spacer battle-history"><br></div><div class="battle-history">Zapdos went back to Beaf Cultist!<br></div><div class="battle-history">Go! Venusaur (<strong>Venusaur-Mega</strong>)!<br></div><div class="spacer battle-history"><br></div><div class="battle-history">The opposing Clefable used <strong>Stealth Rock</strong>!<br></div><div class="battle-history"><small>Pointed stones float in the air around your team!</small><br></div><div class="spacer battle-history"><br></div><h2 class="battle-history">Turn 4</h2><div class="spacer battle-history"><br></div><div class="battle-history">what is a pet mod withdrew Clefable!<br></div><div class="battle-history">what is a pet mod sent out <strong>Ferrothorn</strong>!<br></div><div class="spacer battle-history"><br></div><div class="battle-history">Venusaur used <strong>Sludge Bomb</strong>!<br></div><div class="battle-history"><small>It doesn't affect the opposing Ferrothorn...</small><br></div><div class="spacer battle-history"><br></div><h2 class="battle-history">Turn 5</h2><div class="spacer battle-history"><br></div><div class="battle-history">what is a pet mod withdrew Ferrothorn!<br></div><div class="battle-history">what is a pet mod sent out Moltres (<strong>Moltres-Galar</strong>)!<br></div><div class="spacer battle-history"><br></div><div class="battle-history">Venusaur used <strong>Rash Powder</strong>!<br></div><div class="battle-history"><small>The opposing Moltres is already burned!</small><br></div><div class="spacer battle-history"><br></div><div class="battle-history"><small>The opposing Moltres was hurt by its burn!</small><br></div><div class="spacer battle-history"><br></div><h2 class="battle-history">Turn 6</h2><div class="spacer battle-history"><br></div><div class="battle-history">Venusaur, come back!<br></div><div class="battle-history">Go! <strong>Corviknight</strong>!<br></div><div class="battle-history"><small>Pointed stones dug into Corviknight!</small><br></div><div class="battle-history">[Corviknight's Pressure]<br><small>Corviknight is exerting its pressure!</small><br></div><div class="spacer battle-history"><br></div><div class="battle-history">The opposing Moltres used <strong>Hurricane</strong>!<br></div><div class="battle-history"><small>It's not very effective...</small><br></div><div class="battle-history"><small>(Corviknight lost 16% of its health!)</small><br></div><div class="spacer battle-history"><br></div><div class="battle-history"><small>The opposing Moltres was hurt by its burn!</small><br></div><div class="spacer battle-history"><br></div><h2 class="battle-history">Turn 7</h2><div class="spacer battle-history"><br></div><div class="battle-history">The opposing Moltres used <strong>Fiery Wrath</strong>!<br></div><div class="battle-history"><small>(Corviknight lost 28% of its health!)</small><br></div><div class="spacer battle-history"><br></div><div class="battle-history">Corviknight used <strong>Defog</strong>!<br></div><div class="battle-history"><small>The opposing Moltres's evasiveness fell!</small><br></div><div class="battle-history"><small>The pointed stones disappeared from around your team!</small><br></div><div class="spacer battle-history"><br></div><div class="battle-history"><small>The opposing Moltres was hurt by its burn!</small><br></div><div class="spacer battle-history"><br></div><h2 class="battle-history">Turn 8</h2><div class="spacer battle-history"><br></div><div class="battle-history">The opposing Moltres used <strong>U-turn</strong>!<br></div><div class="battle-history"><small>It's not very effective...</small><br></div><div class="battle-history"><small>A critical hit!</small><br></div><div class="battle-history"><small>(Corviknight lost 2% of its health!)</small><br></div><div class="battle-history"><small>The opposing Moltres was hurt by the Rocky Helmet!</small><br></div><div class="spacer battle-history"><br></div><div class="battle-history">The opposing Moltres went back to what is a pet mod!<br></div><div class="battle-history">what is a pet mod sent out <strong>Slowbro</strong>!<br></div><div class="spacer battle-history"><br></div><div class="battle-history">Corviknight used <strong>Roost</strong>!<br></div><div class="battle-history"><small>Corviknight had its HP restored.</small><br></div><div class="battle-history"><small>(Corviknight loses Flying type this turn.)</small><br></div><div class="spacer battle-history"><br></div><h2 class="battle-history">Turn 9</h2><div class="spacer battle-history"><br></div><div class="battle-history">Corviknight used <strong>U-turn</strong>!<br></div><div class="battle-history"><small>It's super effective!</small><br></div><div class="battle-history"><small>(The opposing Slowbro lost 16% of its health!)</small><br></div><div class="chat chatmessage-analysisgeek"><strong style="color:#3e7fb9"><small>+</small><span class="username" data-name="analysis geek">analysis geek</span>:</strong> <em>birb v birb steel birb won</em></div><div class="spacer battle-history"><br></div><div class="battle-history">Corviknight went back to Beaf Cultist!<br></div><div class="battle-history">Go! <strong>Clefable</strong>!<br></div><div class="spacer battle-history"><br></div><div class="battle-history">The opposing Slowbro used <strong>Future Sight</strong>!<br></div><div class="battle-history"><small>The opposing Slowbro foresaw an attack!</small><br></div><div class="spacer battle-history"><br></div><h2 class="battle-history">Turn 10</h2><div class="spacer battle-history"><br></div><div class="battle-history">what is a pet mod withdrew Slowbro!<br></div><div class="battle-history">what is a pet mod sent out <strong>Magnezone</strong>!<br></div><div class="spacer battle-history"><br></div><div class="battle-history">Clefable used <strong>Mystical Fire</strong>!<br></div><div class="battle-history"><small>It's super effective!</small><br></div><div class="battle-history"><small>(The opposing Magnezone lost 41% of its health!)</small><br></div><div class="battle-history"><small>The opposing Magnezone's Sp. Atk fell!</small><br></div><div class="spacer battle-history"><br></div><h2 class="battle-history">Turn 11</h2><div class="chat chatmessage-cunogate"><strong style="color:#308844"><small> </small><span class="username" data-name="CunoGate">CunoGate</span>:</strong> <em>have faith in gzap</em></div><div class="chat chatmessage-earlio2"><strong style="color:#60923a"><small>+</small><span class="username" data-name="Earlio2">Earlio2</span>:</strong> <em>mystical fire clef :hot:</em></div><div class="spacer battle-history"><br></div><div class="battle-history">Clefable, come back!<br></div><div class="battle-history">Go! Venusaur (<strong>Venusaur-Mega</strong>)!<br></div><div class="spacer battle-history"><br></div><div class="battle-history">The opposing Magnezone used <strong>Flash Cannon</strong>!<br></div><div class="battle-history"><small>(Venusaur lost 28% of its health!)</small><br></div><div class="spacer battle-history"><br></div><div class="battle-history"><small>Venusaur took the Future Sight attack!</small><br></div><div class="battle-history"><small>It's super effective!</small><br></div><div class="battle-history"><small>(Venusaur lost 50% of its health!)</small><br></div><div class="spacer battle-history"><br></div><h2 class="battle-history">Turn 12</h2><div class="chat chatmessage-cunogate"><strong style="color:#308844"><small> </small><span class="username" data-name="CunoGate">CunoGate</span>:</strong> <em>ooo</em></div><div class="chat chatmessage-piikiki4 mine"><strong style="color:#0ea80c"><small>~</small><span class="username" data-name="piikiki4">piikiki4</span>:</strong> <em>never occured to me it learned that wtf</em></div><div class="chat chatmessage-cunogate"><strong style="color:#308844"><small> </small><span class="username" data-name="CunoGate">CunoGate</span>:</strong> <em>beaf...</em></div><div class="chat chatmessage-earlio2"><strong style="color:#60923a"><small>+</small><span class="username" data-name="Earlio2">Earlio2</span>:</strong> <em>who's cunogate</em></div><div class="chat chatmessage-earlio2"><strong style="color:#60923a"><small>+</small><span class="username" data-name="Earlio2">Earlio2</span>:</strong> <em>moretto?</em></div><div class="chat chatmessage-cunogate"><strong style="color:#308844"><small> </small><span class="username" data-name="CunoGate">CunoGate</span>:</strong> <em>ye</em></div><div class="chat chatmessage-piikiki4 mine"><strong style="color:#0ea80c"><small>~</small><span class="username" data-name="piikiki4">piikiki4</span>:</strong> <em>luke i assume</em></div><div class="chat chatmessage-analysisgeek"><strong style="color:#3e7fb9"><small>+</small><span class="username" data-name="analysis geek">analysis geek</span>:</strong> <em>clef movepool huge</em></div><div class="chat chatmessage-piikiki4 mine"><strong style="color:#0ea80c"><small>~</small><span class="username" data-name="piikiki4">piikiki4</span>:</strong> <em>i assumed wrong</em></div><div class="spacer battle-history"><br></div><div class="battle-history">Venusaur, come back!<br></div><div class="battle-history">Go! Darmanitan-Galar-Z (<strong>Darmanitan-Galar</strong>)!<br></div><div class="chat"><ul class="utilichart"><li class="result"><span class="col pokemonnamecol" style="white-space: nowrap">Darmanitan-Galar</span> <span class="col typecol"><img src="https://dragonheaven.herokuapp.com/sprites/types/Ice.png" alt="Ice" height="14" width="32"></span> <span style="float: left ; min-height: 26px"><span class="col abilitycol">Gorilla Tactics / Snow Cloak / Zen Mode</span><span class="col abilitycol"></span></span></li><li style="clear: both"></li></ul></div><div class="chat"><ul class="utilichart"><li class="result"><span style="float: left ; min-height: 26px"><span class="col statcol"><em>HP</em><br>105</span> <span class="col statcol"><em>Atk</em><br>140</span> <span class="col statcol"><em>Def</em><br>55</span> <span class="col statcol"><em>SpA</em><br>30</span> <span class="col statcol"><em>SpD</em><br>55</span> <span class="col statcol"><em>Spe</em><br>95</span> </span></li><li style="clear: both"></li></ul></div><div class="battle-history">Zen Mode triggered!<br></div><div class="battle-history">Zen Mode triggered!<br></div><div class="battle-history">[Darmanitan-Galar-Z's Snow Warning]<br><small>It started to hail!</small><br></div><div class="battle-history">[Darmanitan-Galar-Z's Snow Warning]<br></div><div class="spacer battle-history"><br></div><div class="battle-history">The opposing Magnezone used <strong>Flash Cannon</strong>!<br></div><div class="battle-history"><small>(Darmanitan-Galar-Z lost 70% of its health!)</small><br></div><div class="battle-history"><small>Darmanitan-Galar-Z's Sp. Def fell!</small><br></div><div class="spacer battle-history"><br></div><div class="battle-history"><small>(The hail is crashing down.)</small><br></div><div class="battle-history"><small>The opposing Magnezone is buffeted by the hail!</small><br></div><div class="spacer battle-history"><br></div><h2 class="battle-history">Turn 13</h2><div class="chat chatmessage-cunogate"><strong style="color:#308844"><small> </small><span class="username" data-name="CunoGate">CunoGate</span>:</strong> <em>say gg</em></div><div class="spacer battle-history"><br></div><div class="battle-history">what is a pet mod withdrew Magnezone!<br></div><div class="battle-history">what is a pet mod sent out <strong>Ferrothorn</strong>!<br></div><div class="spacer battle-history"><br></div><div class="battle-history">Darmanitan-Galar-Z used <strong>U-turn</strong>!<br></div><div class="battle-history"><small>A critical hit!</small><br></div><div class="battle-history"><small>(The opposing Ferrothorn lost 34% of its health!)</small><br></div><div class="battle-history">[The opposing Ferrothorn's Iron Barbs]<br><small>Darmanitan-Galar-Z was hurt!</small><br></div><div class="chat chatmessage-analysisgeek"><strong style="color:#3e7fb9"><small>+</small><span class="username" data-name="analysis geek">analysis geek</span>:</strong> <em>im surprised that lived</em></div><div class="chat chatmessage-earlio2"><strong style="color:#60923a"><small>+</small><span class="username" data-name="Earlio2">Earlio2</span>:</strong> <em>holy crap what a call</em></div><div class="chat chatmessage-whatisapetmod"><strong style="color:#be8e13"><small>☆</small><span class="username" data-name="what is a pet mod">what is a pet mod</span>:</strong> <em>chip</em></div><div class="chat chatmessage-earlio2"><strong style="color:#60923a"><small>+</small><span class="username" data-name="Earlio2">Earlio2</span>:</strong> <em>bro in the back, goes ferro on the fire for that chip</em></div><div class="spacer battle-history"><br></div><div class="battle-history">Darmanitan-Galar-Z went back to Beaf Cultist!<br></div><div class="battle-history">Go! <strong>Clefable</strong>!<br></div><div class="spacer battle-history"><br></div><div class="battle-history"><small>(The hail is crashing down.)</small><br></div><div class="battle-history"><small>The opposing Ferrothorn is buffeted by the hail!</small><br></div><div class="battle-history"><small>The opposing Ferrothorn restored a little HP using its Leftovers!</small><br></div><div class="spacer battle-history"><br></div><h2 class="battle-history">Turn 14</h2><div class="chat chatmessage-zxgzxg"><strong style="color:#8f19ef"><small>+</small><span class="username" data-name="zxgzxg">zxgzxg</span>:</strong> <em>4d chess</em></div><div class="spacer battle-history"><br></div><div class="battle-history">what is a pet mod withdrew Ferrothorn!<br></div><div class="battle-history">what is a pet mod sent out <strong>Slowbro</strong>!<br></div><div class="spacer battle-history"><br></div><div class="battle-history">Clefable used <strong>Mystical Fire</strong>!<br></div><div class="battle-history"><small>It's not very effective...</small><br></div><div class="battle-history"><small>(The opposing Slowbro lost 7% of its health!)</small><br></div><div class="battle-history"><small>The opposing Slowbro's Sp. Atk fell!</small><br></div><div class="spacer battle-history"><br></div><div class="battle-history"><small>(The hail is crashing down.)</small><br></div><div class="battle-history"><small>The opposing Slowbro is buffeted by the hail!</small><br></div><div class="spacer battle-history"><br></div><h2 class="battle-history">Turn 15</h2><div class="chat chatmessage-gravitymonkey"><strong style="color:#a3742e"><small>+</small><span class="username" data-name="Gravity Monkey">Gravity Monkey</span>:</strong> <em>plays. </em></div><div class="chat chatmessage-zxgzxg"><strong style="color:#8f19ef"><small>+</small><span class="username" data-name="zxgzxg">zxgzxg</span>:</strong> <em>however, the gourgs play 5d chess</em></div><div class="chat chatmessage-gekokeso"><strong style="color:#9b940e"><small>+</small><span class="username" data-name="Gekokeso">Gekokeso</span>:</strong> <em>xrn just built differently</em></div><div class="chat chatmessage-zxgzxg"><strong style="color:#8f19ef"><small>+</small><span class="username" data-name="zxgzxg">zxgzxg</span>:</strong> <em>B0</em></div><div class="spacer battle-history"><br></div><div class="battle-history">Clefable used <strong>Calm Mind</strong>!<br></div><div class="battle-history"><small>Clefable's Sp. Atk rose!</small><br></div><div class="battle-history"><small>Clefable's Sp. Def rose!</small><br></div><div class="spacer battle-history"><br></div><div class="battle-history">The opposing Slowbro used <strong>Teleport</strong>!<br></div><div class="chat chatmessage-zxgzxg"><strong style="color:#8f19ef"><small>+</small><span class="username" data-name="zxgzxg">zxgzxg</span>:</strong> <em>B)</em></div><div class="spacer battle-history"><br></div><div class="battle-history">what is a pet mod withdrew Slowbro!<br></div><div class="battle-history">what is a pet mod sent out <strong>Magnezone</strong>!<br></div><div class="spacer battle-history"><br></div><div class="battle-history"><small>(The hail is crashing down.)</small><br></div><div class="battle-history"><small>The opposing Magnezone is buffeted by the hail!</small><br></div><div class="spacer battle-history"><br></div><h2 class="battle-history">Turn 16</h2><div class="chat chatmessage-regicboat"><strong style="color:#7732e7"><small>+</small><span class="username" data-name="regic boat">regic boat</span>:</strong> <em>zxgzxg true!</em></div><div class="chat chatmessage-piikiki4 mine"><strong style="color:#0ea80c"><small>~</small><span class="username" data-name="piikiki4">piikiki4</span>:</strong> <em>not the clefable forma de mega latias</em></div><div class="chat chatmessage-cunogate"><strong style="color:#308844"><small> </small><span class="username" data-name="CunoGate">CunoGate</span>:</strong> <em>CRACKED</em></div><div class="chat chatmessage-earlio2"><strong style="color:#60923a"><small>+</small><span class="username" data-name="Earlio2">Earlio2</span>:</strong> <em>beeezzoooone</em></div><div class="chat chatmessage-zxgzxg"><strong style="color:#8f19ef"><small>+</small><span class="username" data-name="zxgzxg">zxgzxg</span>:</strong> <em>beeeeezoooooooonneeeee</em></div><div class="chat chatmessage-earlio2"><strong style="color:#60923a"><small>+</small><span class="username" data-name="Earlio2">Earlio2</span>:</strong> <em>reveal steel type volt</em></div><div class="chat chatmessage-analysisgeek"><strong style="color:#3e7fb9"><small>+</small><span class="username" data-name="analysis geek">analysis geek</span>:</strong> <em>BEEE ZONE</em></div><div class="chat chatmessage-earlio2"><strong style="color:#60923a"><small>+</small><span class="username" data-name="Earlio2">Earlio2</span>:</strong> <em>(does not exist)</em></div><div class="chat"><small>~AquaticPanic joined</small></div><div class="chat chatmessage-whatisapetmod"><strong style="color:#be8e13"><small>☆</small><span class="username" data-name="what is a pet mod">what is a pet mod</span>:</strong> <em>!dt steel beam</em></div><div class="chat"><ul class="utilichart"><li class="result"><span class="col movenamecol"><a href="https://dex.pokemonshowdown.com/moves/steelbeam" target="_blank" rel="noopener">Steel Beam</a></span> <span class="col typecol"><img src="//dragonheaven.herokuapp.com/sprites/types/Steel.png" alt="Steel" width="32" height="14"><img src="//dragonheaven.herokuapp.com/sprites/categories/Special.png" alt="Special" width="32" height="14"></span> <span class="col labelcol"><em>Power</em><br>140</span> <span class="col widelabelcol"><em>Accuracy</em><br>95%</span> <span class="col pplabelcol"><em>PP</em><br>8</span> <span class="col movedesccol">User loses 50% max HP.</span> </li><li style="clear: both"></li></ul></div><div class="chat"><font size="1"><font color="#686868">Priority:</font> 0&nbsp;|  <font color="#686868">Gen:</font> 8&nbsp;|  <font color="#686868">Z-Power:</font> 200&nbsp;|  <font color="#686868">Dynamax Power:</font> 140&nbsp;|  <font color="#686868">Target:</font> One Adjacent Pokémon</font></div><div class="chat chatmessage-zxgzxg"><strong style="color:#8f19ef"><small>+</small><span class="username" data-name="zxgzxg">zxgzxg</span>:</strong> <em>im council</em></div><div class="chat chatmessage-zxgzxg"><strong style="color:#8f19ef"><small>+</small><span class="username" data-name="zxgzxg">zxgzxg</span>:</strong> <em>i can make it happen</em></div><div class="chat"><small>~DuoM2 renamed from joltemonsisapetmod.</small></div><div class="chat chatmessage-analysisgeek"><strong style="color:#3e7fb9"><small>+</small><span class="username" data-name="analysis geek">analysis geek</span>:</strong> <em>lol</em></div><div class="chat chatmessage-zxgzxg"><strong style="color:#8f19ef"><small>+</small><span class="username" data-name="zxgzxg">zxgzxg</span>:</strong> <em>B)</em></div><div class="chat chatmessage-earlio2"><strong style="color:#60923a"><small>+</small><span class="username" data-name="Earlio2">Earlio2</span>:</strong> <em>ur right that is a pivoting move</em></div><div class="chat chatmessage-piikiki4 mine"><strong style="color:#0ea80c"><small>~</small><span class="username" data-name="piikiki4">piikiki4</span>:</strong> <em>let's make flip turn steel-type</em></div><div class="spacer battle-history"><br></div><div class="battle-history">The opposing Magnezone used <strong>Volt Switch</strong>!<br></div><div class="battle-history"><small>(Clefable lost 36% of its health!)</small><br></div><div class="spacer battle-history"><br></div><div class="battle-history">The opposing Magnezone went back to what is a pet mod!<br></div><div class="battle-history">what is a pet mod sent out <strong>Ferrothorn</strong>!<br></div><div class="spacer battle-history"><br></div><div class="battle-history">Clefable used <strong>Mystical Fire</strong>!<br></div><div class="battle-history"><small>It's super effective!</small><br></div><div class="battle-history"><small>(The opposing Ferrothorn lost 61% of its health!)</small><br></div><div class="battle-history"><small>The opposing Ferrothorn's Sp. Atk fell!</small><br></div><div class="spacer battle-history"><br></div><div class="battle-history"><small>The hail stopped.</small><br></div><div class="battle-history"><small>Clefable restored a little HP using its Leftovers!</small><br></div><div class="battle-history"><small>The opposing Ferrothorn restored a little HP using its Leftovers!</small><br></div><div class="spacer battle-history"><br></div><h2 class="battle-history">Turn 17</h2><div class="chat chatmessage-cunogate"><strong style="color:#308844"><small> </small><span class="username" data-name="CunoGate">CunoGate</span>:</strong> <em>true</em></div><div class="chat chatmessage-zxgzxg"><strong style="color:#8f19ef"><small>+</small><span class="username" data-name="zxgzxg">zxgzxg</span>:</strong> <em>gen 2 style pivoting</em></div><div class="chat chatmessage-whatisapetmod"><strong style="color:#be8e13"><small>☆</small><span class="username" data-name="what is a pet mod">what is a pet mod</span>:</strong> <em>whyd i love</em></div><div class="chat chatmessage-whatisapetmod"><strong style="color:#be8e13"><small>☆</small><span class="username" data-name="what is a pet mod">what is a pet mod</span>:</strong> <em>live</em></div><div class="chat chatmessage-whatisapetmod"><strong style="color:#be8e13"><small>☆</small><span class="username" data-name="what is a pet mod">what is a pet mod</span>:</strong> <em>.</em></div><div class="chat chatmessage-earlio2"><strong style="color:#60923a"><small>+</small><span class="username" data-name="Earlio2">Earlio2</span>:</strong> <em>mystical fine moment </em></div><div class="chat chatmessage-gravitymonkey"><strong style="color:#a3742e"><small>+</small><span class="username" data-name="Gravity Monkey">Gravity Monkey</span>:</strong> <em>PLAYS</em></div><div class="chat chatmessage-analysisgeek"><strong style="color:#3e7fb9"><small>+</small><span class="username" data-name="analysis geek">analysis geek</span>:</strong> <em>you are a ferrothron</em></div><div class="spacer battle-history"><br></div><div class="battle-history">Clefable used <strong>Calm Mind</strong>!<br></div><div class="battle-history"><small>Clefable's Sp. Atk rose!</small><br></div><div class="battle-history"><small>Clefable's Sp. Def rose!</small><br></div><div class="spacer battle-history"><br></div><div class="battle-history">The opposing Ferrothorn used <strong>Knock Off</strong>!<br></div><div class="battle-history"><small>It's not very effective...</small><br></div><div class="battle-history"><small>(Clefable lost 9% of its health!)</small><br></div><div class="battle-history"><small>The opposing Ferrothorn knocked off Clefable's Leftovers!</small><br></div><div class="spacer battle-history"><br></div><div class="battle-history"><small>The opposing Ferrothorn restored a little HP using its Leftovers!</small><br></div><div class="spacer battle-history"><br></div><h2 class="battle-history">Turn 18</h2><div class="chat chatmessage-zxgzxg"><strong style="color:#8f19ef"><small>+</small><span class="username" data-name="zxgzxg">zxgzxg</span>:</strong> <em>bro i was so scared</em></div><div class="chat chatmessage-earlio2"><strong style="color:#60923a"><small>+</small><span class="username" data-name="Earlio2">Earlio2</span>:</strong> <em>why the cm clef got mystical fire fr</em></div><div class="chat chatmessage-cunogate"><strong style="color:#308844"><small> </small><span class="username" data-name="CunoGate">CunoGate</span>:</strong> <em>Mystical Fire is a move made just so it misses on specific KOs</em></div><div class="chat chatmessage-cunogate"><strong style="color:#308844"><small> </small><span class="username" data-name="CunoGate">CunoGate</span>:</strong> <em>Did you know?</em></div><div class="spacer battle-history"><br></div><div class="battle-history">what is a pet mod withdrew Ferrothorn!<br></div><div class="battle-history">what is a pet mod sent out <strong>Beedrill</strong>!<br></div><div class="spacer battle-history"><br></div><div class="battle-history">Clefable used <strong>Mystical Fire</strong>!<br></div><div class="battle-history"><small>It's super effective!</small><br></div><div class="battle-history"><small>(The opposing Beedrill lost 100% of its health!)</small><br></div><div class="spacer battle-history"><br></div><div class="battle-history">The opposing Beedrill fainted!<br></div><div class="chat chatmessage-earlio2"><strong style="color:#60923a"><small>+</small><span class="username" data-name="Earlio2">Earlio2</span>:</strong> <em>who's ghosting the timer here</em></div><div class="chat chatmessage-whatisapetmod"><strong style="color:#be8e13"><small>☆</small><span class="username" data-name="what is a pet mod">what is a pet mod</span>:</strong> <em>L</em></div><div class="spacer battle-history"><br></div><div class="battle-history">what is a pet mod sent out <strong>Magnezone</strong>!<br></div><div class="spacer battle-history"><br></div><h2 class="battle-history">Turn 19</h2><div class="chat chatmessage-zxgzxg"><strong style="color:#8f19ef"><small>+</small><span class="username" data-name="zxgzxg">zxgzxg</span>:</strong> <em>NOOOO</em></div><div class="chat message-error">Battle timer is ON: inactive players will automatically lose when time's up. (requested by what is a pet mod)</div><div class="chat chatmessage-analysisgeek"><strong style="color:#3e7fb9"><small>+</small><span class="username" data-name="analysis geek">analysis geek</span>:</strong> <em>was gonna say to beat other clefs but flamethrower has more pp</em></div><div class="chat chatmessage-earlio2"><strong style="color:#60923a"><small>+</small><span class="username" data-name="Earlio2">Earlio2</span>:</strong> <em>:whaugh:</em></div><div class="spacer battle-history"><br></div><div class="battle-history">The opposing Magnezone used <strong>Flash Cannon</strong>!<br></div><div class="battle-history"><small>It's super effective!</small><br></div><div class="battle-history"><small>(Clefable lost 62% of its health!)</small><br></div><div class="spacer battle-history"><br></div><div class="battle-history">Clefable fainted!<br></div><div class="chat chatmessage-analysisgeek"><strong style="color:#3e7fb9"><small>+</small><span class="username" data-name="analysis geek">analysis geek</span>:</strong> <em>HUH</em></div><div class="chat chatmessage-zxgzxg"><strong style="color:#8f19ef"><small>+</small><span class="username" data-name="zxgzxg">zxgzxg</span>:</strong> <em>______ZONEEEEEEE</em></div><div class="chat chatmessage-piikiki4 mine"><strong style="color:#0ea80c"><small>~</small><span class="username" data-name="piikiki4">piikiki4</span>:</strong> <em>is that why they buffed it to 75 bp in gen 7 so it misses the koes more closely</em></div><div class="chat chatmessage-regicboat"><strong style="color:#7732e7"><small>+</small><span class="username" data-name="regic boat">regic boat</span>:</strong> <em>ZONEEEEE</em></div><div class="spacer battle-history"><br></div><div class="battle-history">Go! Zapdos (<strong>Zapdos-Galar</strong>)!<br></div><div class="spacer battle-history"><br></div><h2 class="battle-history">Turn 20</h2><div class="chat chatmessage-earlio2"><strong style="color:#60923a"><small>+</small><span class="username" data-name="Earlio2">Earlio2</span>:</strong> <em>no bees?</em></div><div class="chat chatmessage-regicboat"><strong style="color:#7732e7"><small>+</small><span class="username" data-name="regic boat">regic boat</span>:</strong> <em>no bees?</em></div><div class="chat chatmessage-cunogate"><strong style="color:#308844"><small> </small><span class="username" data-name="CunoGate">CunoGate</span>:</strong> <em>Watch the timer!</em></div><div class="chat chatmessage-zxgzxg"><strong style="color:#8f19ef"><small>+</small><span class="username" data-name="zxgzxg">zxgzxg</span>:</strong> <em>no bee thces</em></div><div class="chat chatmessage-earlio2"><strong style="color:#60923a"><small>+</small><span class="username" data-name="Earlio2">Earlio2</span>:</strong> <em>@cunogate timer</em></div><div class="spacer battle-history"><br></div><div class="battle-history">what is a pet mod withdrew Magnezone!<br></div><div class="battle-history">what is a pet mod sent out <strong>Slowbro</strong>!<br></div><div class="spacer battle-history"><br></div><div class="battle-history">Zapdos used <strong>Brave Bird</strong>!<br></div><div class="battle-history"><small>(The opposing Slowbro lost 50% of its health!)</small><br></div><div class="battle-history"><small>Zapdos was damaged by the recoil!</small><br></div><div class="spacer battle-history"><br></div><h2 class="battle-history">Turn 21</h2><div class="spacer battle-history"><br></div><div class="battle-history">what is a pet mod withdrew Slowbro!<br></div><div class="battle-history">what is a pet mod sent out <strong>Magnezone</strong>!<br></div><div class="spacer battle-history"><br></div><div class="battle-history">Zapdos used <strong>Brave Bird</strong>!<br></div><div class="battle-history"><small>It's not very effective...</small><br></div><div class="battle-history"><small>(The opposing Magnezone lost 22% of its health!)</small><br></div><div class="battle-history"><small>Zapdos was damaged by the recoil!</small><br></div><div class="spacer battle-history"><br></div><h2 class="battle-history">Turn 22</h2><div class="chat chatmessage-cunogate"><strong style="color:#308844"><small> </small><span class="username" data-name="CunoGate">CunoGate</span>:</strong> <em>zamn</em></div><div class="chat"><small>+EeveeGirl1380 joined</small></div><div class="spacer battle-history"><br></div><div class="battle-history">Zapdos, come back!<br></div><div class="battle-history">Go! <strong>Garchomp</strong>!<br></div><div class="spacer battle-history"><br></div><div class="battle-history">The opposing Magnezone used <strong>Volt Switch</strong>!<br></div><div class="battle-history"><small>It doesn't affect Garchomp...</small><br></div><div class="spacer battle-history"><br></div><h2 class="battle-history">Turn 23</h2><div class="chat chatmessage-whatisapetmod"><strong style="color:#be8e13"><small>☆</small><span class="username" data-name="what is a pet mod">what is a pet mod</span>:</strong> <em>not quite</em></div><div class="chat chatmessage-whatisapetmod"><strong style="color:#be8e13"><small>☆</small><span class="username" data-name="what is a pet mod">what is a pet mod</span>:</strong> <em>L again</em></div><div class="spacer battle-history"><br></div><div class="battle-history">The opposing Magnezone went back to what is a pet mod!<br></div><div class="battle-history">what is a pet mod sent out <strong>Clefable</strong>!<br></div><div class="spacer battle-history"><br></div><div class="battle-history">Garchomp used <strong>Swords Dance</strong>!<br></div><div class="battle-history"><small>Garchomp's Attack rose sharply!</small><br></div><div class="spacer battle-history"><br></div><h2 class="battle-history">Turn 24</h2><div class="chat chatmessage-regicboat"><strong style="color:#7732e7"><small>+</small><span class="username" data-name="regic boat">regic boat</span>:</strong> <em>reveal steel type volt</em></div><div class="chat chatmessage-gravitymonkey"><strong style="color:#a3742e"><small>+</small><span class="username" data-name="Gravity Monkey">Gravity Monkey</span>:</strong> <em>reveal hp ice</em></div><div class="spacer battle-history"><br></div><div class="battle-history">Garchomp used <strong>Earthquake</strong>!<br></div><div class="battle-history"><small>(The opposing Clefable lost 88% of its health!)</small><br></div><div class="battle-history"><small>Garchomp lost some of its HP!</small><br></div><div class="spacer battle-history"><br></div><div class="battle-history">The opposing Clefable fainted!<br></div><div class="chat chatmessage-cunogate"><strong style="color:#308844"><small> </small><span class="username" data-name="CunoGate">CunoGate</span>:</strong> <em>ZAMN</em></div><div class="chat chatmessage-whatisapetmod"><strong style="color:#be8e13"><small>☆</small><span class="username" data-name="what is a pet mod">what is a pet mod</span>:</strong> <em>GG.</em></div><div class="chat chatmessage-zxgzxg"><strong style="color:#8f19ef"><small>+</small><span class="username" data-name="zxgzxg">zxgzxg</span>:</strong> <em>reveal your address O_O</em></div><div class="spacer battle-history"><br></div><div class="battle-history"><small>what is a pet mod forfeited.</small><br></div><div class="spacer battle-history"><br></div><div class="battle-history"><strong>Beaf Cultist</strong> won the battle!<br></div><div class="chat chatmessage-beafcultist"><strong style="color:#3ab7b9"><small>☆</small><span class="username" data-name="Beaf Cultist">Beaf Cultist</span>:</strong> <em>gg</em></div><div class="chat chatmessage-aquaticpanic"><strong style="color:#6152ee"><small>~</small><span class="username" data-name="AquaticPanic">AquaticPanic</span>:</strong> <em>reveal your credit card details</em></div></div><div class="inner-preempt message-log"></div></div></div>
</div>
<script>
let daily = Math.floor(Date.now()/1000/60/60/24);document.write('<script src="http://petmodsdh.com/js/replay-embed.js?version'+daily+'"></'+'script>');
</script>
