<!DOCTYPE html>
<meta charset="utf-8" />
<!-- version 1 -->
<title>[Gen 8] Alternatium replay: JosJet vs. DarkraiRetribution</title>
<style>
html,body {font-family:Verdana, sans-serif;font-size:10pt;margin:0;padding:0;}body{padding:12px 0;} .battle-log {font-family:Verdana, sans-serif;font-size:10pt;} .battle-log-inline {border:1px solid #AAAAAA;background:#EEF2F5;color:black;max-width:640px;margin:0 auto 80px;padding-bottom:5px;} .battle-log .inner {padding:4px 8px 0px 8px;} .battle-log .inner-preempt {padding:0 8px 4px 8px;} .battle-log .inner-after {margin-top:0.5em;} .battle-log h2 {margin:0.5em -8px;padding:4px 8px;border:1px solid #AAAAAA;background:#E0E7EA;border-left:0;border-right:0;font-family:Verdana, sans-serif;font-size:13pt;} .battle-log .chat {vertical-align:middle;padding:3px 0 3px 0;font-size:8pt;} .battle-log .chat strong {color:#40576A;} .battle-log .chat em {padding:1px 4px 1px 3px;color:#000000;font-style:normal;} .chat.mine {background:rgba(0,0,0,0.05);margin-left:-8px;margin-right:-8px;padding-left:8px;padding-right:8px;} .spoiler {color:#BBBBBB;background:#BBBBBB;padding:0px 3px;} .spoiler:hover, .spoiler:active, .spoiler-shown {color:#000000;background:#E2E2E2;padding:0px 3px;} .spoiler a {color:#BBBBBB;} .spoiler:hover a, .spoiler:active a, .spoiler-shown a {color:#2288CC;} .chat code, .chat .spoiler:hover code, .chat .spoiler:active code, .chat .spoiler-shown code {border:1px solid #C0C0C0;background:#EEEEEE;color:black;padding:0 2px;} .chat .spoiler code {border:1px solid #CCCCCC;background:#CCCCCC;color:#CCCCCC;} .battle-log .rated {padding:3px 4px;} .battle-log .rated strong {color:white;background:#89A;padding:1px 4px;border-radius:4px;} .spacer {margin-top:0.5em;} .message-announce {background:#6688AA;color:white;padding:1px 4px 2px;} .message-announce a, .broadcast-green a, .broadcast-blue a, .broadcast-red a {color:#DDEEFF;} .broadcast-green {background-color:#559955;color:white;padding:2px 4px;} .broadcast-blue {background-color:#6688AA;color:white;padding:2px 4px;} .infobox {border:1px solid #6688AA;padding:2px 4px;} .infobox-limited {max-height:200px;overflow:auto;overflow-x:hidden;} .broadcast-red {background-color:#AA5544;color:white;padding:2px 4px;} .message-learn-canlearn {font-weight:bold;color:#228822;text-decoration:underline;} .message-learn-cannotlearn {font-weight:bold;color:#CC2222;text-decoration:underline;} .message-effect-weak {font-weight:bold;color:#CC2222;} .message-effect-resist {font-weight:bold;color:#6688AA;} .message-effect-immune {font-weight:bold;color:#666666;} .message-learn-list {margin-top:0;margin-bottom:0;} .message-throttle-notice, .message-error {color:#992222;} .message-overflow, .chat small.message-overflow {font-size:0pt;} .message-overflow::before {font-size:9pt;content:'...';} .subtle {color:#3A4A66;}
</style>
<div class="wrapper replay-wrapper" style="max-width:1180px;margin:0 auto">
<input type="hidden" name="replayid" value="dragonheaven-gen8alternatium-50" />
<div class="battle"></div><div class="battle-log"></div><div class="replay-controls"></div><div class="replay-controls-2"></div>
<h1 style="font-weight:normal;text-align:center"><strong>[Gen 8] Alternatium</strong><br /><a href="http://pokemonshowdown.com/users/josjet" class="subtle" target="_blank">JosJet</a> vs. <a href="http://pokemonshowdown.com/users/darkrairetribution" class="subtle" target="_blank">DarkraiRetribution</a></h1>
<script type="text/plain" class="battle-log-data">|raw|<div class="broadcast-red"><strong>This battle is invite-only!<\/strong><br \/>Users must be invited with <code>\/invite<\/code> (or be staff) to join<\/div>
|j|☆JosJet
|j|☆DarkraiRetribution

|t:|1651944493
|player|p1|JosJet|265|
|player|p2|DarkraiRetribution|102|
|teamsize|p1|6
|teamsize|p2|6
|gametype|singles
|gen|8
|tier|[Gen 8] Alternatium
|clearpoke
|poke|p1|Sandslash-Lustrous, M|
|poke|p1|Darmanitan, M|
|poke|p1|Rotom-Fan|
|poke|p1|Meloetta|
|poke|p1|Slowbro, M|
|poke|p1|Castform-Thunderstorm, M|
|poke|p2|Corsoul, F|
|poke|p2|Slowking-Galar, M|
|poke|p2|Rotom|
|poke|p2|Rotom-Fan|
|poke|p2|Darmanitan-Zen, M|
|poke|p2|Morpeko-Marsh, M|
|rule|HP Percentage Mod: HP is shown in percentages
|rule|Endless Battle Clause: Forcing endless battles is banned
|rule|OHKO Clause: OHKO moves are banned
|rule|Evasion Moves Clause: Evasion moves are banned
|rule|Dynamax Clause: You cannot dynamax
|rule|Sleep Clause Mod: Limit one foe put to sleep
|rule|Z-Move Clause: Z-Moves are banned
|teampreview
|c|☆DarkraiRetribution|gl hf
|c|☆JosJet|ty yt!
|
|t:|1651944506
|start
|switch|p1a: Slowbro|Slowbro, M|100\/100
|switch|p2a: Sorcoul|Corsoul, F|404\/404
|-start|p2a: Sorcoul|typechange|Ghost\/Water|[silent]
|raw|<ul class="utilichart"><li class="result"><span class="col pokemonnamecol" style="white-space: nowrap">Corsoul<\/span> <span class="col typecol"><img src="https:\/\/dragonheaven.herokuapp.com\/sprites\/types\/Ghost.png" alt="Ghost" height="14" width="32"><img src="https:\/\/dragonheaven.herokuapp.com\/sprites\/types\/Water.png" alt="Water" height="14" width="32"><\/span> <span style="float: left ; min-height: 26px"><span class="col abilitycol">Levitate \/ Liquid Scales<\/span><span class="col abilitycol"><\/span><\/span><\/li><li style="clear: both"><\/li><\/ul>
|raw|<ul class="utilichart"><li class="result"><span style="float: left ; min-height: 26px"><span class="col statcol"><em>HP<\/em><br>100<\/span> <span class="col statcol"><em>Atk<\/em><br>100<\/span> <span class="col statcol"><em>Def<\/em><br>70<\/span> <span class="col statcol"><em>SpA<\/em><br>70<\/span> <span class="col statcol"><em>SpD<\/em><br>100<\/span> <span class="col statcol"><em>Spe<\/em><br>70<\/span> <\/span><\/li><li style="clear: both"><\/li><\/ul>
|-start|p1a: Slowbro|typechange|Water\/Ground|[silent]
|raw|<ul class="utilichart"><li class="result"><span class="col pokemonnamecol" style="white-space: nowrap">Slowbro<\/span> <span class="col typecol"><img src="https:\/\/dragonheaven.herokuapp.com\/sprites\/types\/Water.png" alt="Water" height="14" width="32"><img src="https:\/\/dragonheaven.herokuapp.com\/sprites\/types\/Ground.png" alt="Ground" height="14" width="32"><\/span> <span style="float: left ; min-height: 26px"><span class="col abilitycol">Oblivious \/ Shell Armor \/ Sand Spit<\/span><span class="col abilitycol"><\/span><\/span><\/li><li style="clear: both"><\/li><\/ul>
|raw|<ul class="utilichart"><li class="result"><span style="float: left ; min-height: 26px"><span class="col statcol"><em>HP<\/em><br>90<\/span> <span class="col statcol"><em>Atk<\/em><br>75<\/span> <span class="col statcol"><em>Def<\/em><br>165<\/span> <span class="col statcol"><em>SpA<\/em><br>95<\/span> <span class="col statcol"><em>SpD<\/em><br>55<\/span> <span class="col statcol"><em>Spe<\/em><br>30<\/span> <\/span><\/li><li style="clear: both"><\/li><\/ul>
|turn|1
|
|t:|1651944532
|move|p2a: Sorcoul|Stealth Rock|p1a: Slowbro
|-sidestart|p1: JosJet|move: Stealth Rock
|move|p1a: Slowbro|Stealth Rock|p2a: Sorcoul
|-sidestart|p2: DarkraiRetribution|move: Stealth Rock
|
|upkeep
|turn|2
|
|t:|1651944538
|move|p2a: Sorcoul|Scald|p1a: Slowbro
|-damage|p1a: Slowbro|70\/100
|move|p1a: Slowbro|Teleport|p1a: Slowbro
|
|t:|1651944565
|switch|p1a: Rotom-Fan|Rotom-Fan|100\/100|[from]move: Teleport
|-damage|p1a: Rotom-Fan|88\/100|[from] Stealth Rock
|-start|p1a: Rotom-Fan|typechange|Flying\/Steel|[silent]
|raw|<ul class="utilichart"><li class="result"><span class="col pokemonnamecol" style="white-space: nowrap">Rotom-Fan<\/span> <span class="col typecol"><img src="https:\/\/dragonheaven.herokuapp.com\/sprites\/types\/Flying.png" alt="Flying" height="14" width="32"><img src="https:\/\/dragonheaven.herokuapp.com\/sprites\/types\/Steel.png" alt="Steel" height="14" width="32"><\/span> <span style="float: left ; min-height: 26px"><span class="col abilitycol">Delta Stream<\/span><span class="col abilitycol"><\/span><\/span><\/li><li style="clear: both"><\/li><\/ul>
|raw|<ul class="utilichart"><li class="result"><span style="float: left ; min-height: 26px"><span class="col statcol"><em>HP<\/em><br>100<\/span> <span class="col statcol"><em>Atk<\/em><br>65<\/span> <span class="col statcol"><em>Def<\/em><br>80<\/span> <span class="col statcol"><em>SpA<\/em><br>105<\/span> <span class="col statcol"><em>SpD<\/em><br>80<\/span> <span class="col statcol"><em>Spe<\/em><br>90<\/span> <\/span><\/li><li style="clear: both"><\/li><\/ul>
|-weather|DeltaStream|[from] ability: Delta Stream|[of] p1a: Rotom-Fan
|
|-weather|DeltaStream|[upkeep]
|-heal|p1a: Rotom-Fan|94\/100|[from] item: Leftovers
|upkeep
|turn|3
|
|t:|1651944574
|switch|p2a: Glowking-Salar|Slowking-Galar, M|394\/394
|-start|p2a: Glowking-Salar|typechange|Poison\/Dark|[silent]
|raw|<ul class="utilichart"><li class="result"><span class="col pokemonnamecol" style="white-space: nowrap">Slowking-Galar<\/span> <span class="col typecol"><img src="https:\/\/dragonheaven.herokuapp.com\/sprites\/types\/Poison.png" alt="Poison" height="14" width="32"><img src="https:\/\/dragonheaven.herokuapp.com\/sprites\/types\/Dark.png" alt="Dark" height="14" width="32"><\/span> <span style="float: left ; min-height: 26px"><span class="col abilitycol">Sturdy \/ Aftermath \/ Regenerator<\/span><span class="col abilitycol"><\/span><\/span><\/li><li style="clear: both"><\/li><\/ul>
|raw|<ul class="utilichart"><li class="result"><span style="float: left ; min-height: 26px"><span class="col statcol"><em>HP<\/em><br>95<\/span> <span class="col statcol"><em>Atk<\/em><br>55<\/span> <span class="col statcol"><em>Def<\/em><br>100<\/span> <span class="col statcol"><em>SpA<\/em><br>110<\/span> <span class="col statcol"><em>SpD<\/em><br>100<\/span> <span class="col statcol"><em>Spe<\/em><br>30<\/span> <\/span><\/li><li style="clear: both"><\/li><\/ul>
|move|p1a: Rotom-Fan|Discharge|p2a: Glowking-Salar
|-damage|p2a: Glowking-Salar|335\/394
|
|-weather|DeltaStream|[upkeep]
|-heal|p1a: Rotom-Fan|100\/100|[from] item: Leftovers
|upkeep
|turn|4
|
|t:|1651944610
|move|p1a: Rotom-Fan|Oblivion Wing|p2a: Glowking-Salar
|-damage|p2a: Glowking-Salar|239\/394
|move|p2a: Glowking-Salar|Corrosive Gas|p1a: Rotom-Fan
|-enditem|p1a: Rotom-Fan|Leftovers|[from] move: Corrosive Gas|[of] p2a: Glowking-Salar
|
|-weather|DeltaStream|[upkeep]
|upkeep
|turn|5
|
|t:|1651944625
|switch|p2a: Zarmanitan-Den|Darmanitan-Zen, M|454\/454
|-start|p2a: Zarmanitan-Den|typechange|Psychic\/Steel|[silent]
|raw|<ul class="utilichart"><li class="result"><span class="col pokemonnamecol" style="white-space: nowrap">Darmanitan-Zen<\/span> <span class="col typecol"><img src="https:\/\/dragonheaven.herokuapp.com\/sprites\/types\/Psychic.png" alt="Psychic" height="14" width="32"><img src="https:\/\/dragonheaven.herokuapp.com\/sprites\/types\/Steel.png" alt="Steel" height="14" width="32"><\/span> <span style="float: left ; min-height: 26px"><span class="col abilitycol">Comatose<\/span><span class="col abilitycol"><\/span><\/span><\/li><li style="clear: both"><\/li><\/ul>
|raw|<ul class="utilichart"><li class="result"><span style="float: left ; min-height: 26px"><span class="col statcol"><em>HP<\/em><br>125<\/span> <span class="col statcol"><em>Atk<\/em><br>60<\/span> <span class="col statcol"><em>Def<\/em><br>105<\/span> <span class="col statcol"><em>SpA<\/em><br>90<\/span> <span class="col statcol"><em>SpD<\/em><br>125<\/span> <span class="col statcol"><em>Spe<\/em><br>5<\/span> <\/span><\/li><li style="clear: both"><\/li><\/ul>
|-ability|p2a: Zarmanitan-Den|Comatose
|move|p1a: Rotom-Fan|Oblivion Wing|p2a: Zarmanitan-Den
|-resisted|p2a: Zarmanitan-Den
|-damage|p2a: Zarmanitan-Den|424\/454
|
|-weather|DeltaStream|[upkeep]
|upkeep
|turn|6
|
|t:|1651944656
|-weather|none
|switch|p1a: Darmanitan|Darmanitan, M, shiny|100\/100
|-start|p1a: Darmanitan|typechange|Fire\/Dark|[silent]
|raw|<ul class="utilichart"><li class="result"><span class="col pokemonnamecol" style="white-space: nowrap">Darmanitan<\/span> <span class="col typecol"><img src="https:\/\/dragonheaven.herokuapp.com\/sprites\/types\/Fire.png" alt="Fire" height="14" width="32"><img src="https:\/\/dragonheaven.herokuapp.com\/sprites\/types\/Dark.png" alt="Dark" height="14" width="32"><\/span> <span style="float: left ; min-height: 26px"><span class="col abilitycol">Sheer Force \/ Strong Jaw<\/span><span class="col abilitycol"><\/span><\/span><\/li><li style="clear: both"><\/li><\/ul>
|raw|<ul class="utilichart"><li class="result"><span style="float: left ; min-height: 26px"><span class="col statcol"><em>HP<\/em><br>105<\/span> <span class="col statcol"><em>Atk<\/em><br>140<\/span> <span class="col statcol"><em>Def<\/em><br>75<\/span> <span class="col statcol"><em>SpA<\/em><br>50<\/span> <span class="col statcol"><em>SpD<\/em><br>75<\/span> <span class="col statcol"><em>Spe<\/em><br>95<\/span> <\/span><\/li><li style="clear: both"><\/li><\/ul>
|-damage|p1a: Darmanitan|76\/100|[from] Stealth Rock
|move|p2a: Zarmanitan-Den|Doom Desire|p1a: Darmanitan
|-start|p2a: Zarmanitan-Den|Doom Desire
|
|upkeep
|turn|7
|
|t:|1651944701
|move|p2a: Zarmanitan-Den|Protect|p2a: Zarmanitan-Den
|-singleturn|p2a: Zarmanitan-Den|Protect
|move|p1a: Darmanitan|Fire Fang|p2a: Zarmanitan-Den
|-activate|p2a: Zarmanitan-Den|move: Protect
|
|upkeep
|turn|8
|
|t:|1651944709
|switch|p2a: Glowking-Salar|Slowking-Galar, M|370\/394
|-start|p2a: Glowking-Salar|typechange|Poison\/Dark|[silent]
|move|p1a: Darmanitan|Fire Fang|p2a: Glowking-Salar
|-damage|p2a: Glowking-Salar|220\/394
|
|-end|p1a: Darmanitan|move: Doom Desire
|-resisted|p1a: Darmanitan
|-damage|p1a: Darmanitan|51\/100
|upkeep
|turn|9
|
|t:|1651944718
|move|p1a: Darmanitan|Fire Fang|p2a: Glowking-Salar
|-damage|p2a: Glowking-Salar|88\/394
|move|p2a: Glowking-Salar|Slack Off|p2a: Glowking-Salar
|-heal|p2a: Glowking-Salar|285\/394
|
|upkeep
|turn|10
|
|t:|1651944729
|move|p1a: Darmanitan|Fire Fang|p2a: Glowking-Salar
|-damage|p2a: Glowking-Salar|153\/394
|move|p2a: Glowking-Salar|Sludge Bomb|p1a: Darmanitan
|-crit|p1a: Darmanitan
|-damage|p1a: Darmanitan|0 fnt
|faint|p1a: Darmanitan
|
|upkeep
|c|☆DarkraiRetribution|you mind if I invite
|c|☆DarkraiRetribution|someone?
|c|☆JosJet|I wouldn't mind!!
|c|☆DarkraiRetribution|thank you!
|c|☆JosJet|ofc :)
|
|t:|1651944830
|switch|p1a: Sandslash-Lustrous|Sandslash-Lustrous, M|100\/100
|-damage|p1a: Sandslash-Lustrous|94\/100|[from] Stealth Rock
|-start|p1a: Sandslash-Lustrous|typechange|Ground\/Fairy|[silent]
|raw|<ul class="utilichart"><li class="result"><span class="col pokemonnamecol" style="white-space: nowrap">Sandslash-Lustrous<\/span> <span class="col typecol"><img src="https:\/\/dragonheaven.herokuapp.com\/sprites\/types\/Ground.png" alt="Ground" height="14" width="32"><img src="https:\/\/dragonheaven.herokuapp.com\/sprites\/types\/Fairy.png" alt="Fairy" height="14" width="32"><\/span> <span style="float: left ; min-height: 26px"><span class="col abilitycol">Sand Rush \/ Pixilate<\/span><span class="col abilitycol"><\/span><\/span><\/li><li style="clear: both"><\/li><\/ul>
|raw|<ul class="utilichart"><li class="result"><span style="float: left ; min-height: 26px"><span class="col statcol"><em>HP<\/em><br>79<\/span> <span class="col statcol"><em>Atk<\/em><br>125<\/span> <span class="col statcol"><em>Def<\/em><br>75<\/span> <span class="col statcol"><em>SpA<\/em><br>69<\/span> <span class="col statcol"><em>SpD<\/em><br>85<\/span> <span class="col statcol"><em>Spe<\/em><br>97<\/span> <\/span><\/li><li style="clear: both"><\/li><\/ul>
|turn|11
|
|t:|1651944835
|switch|p2a: Fotom-Ran|Rotom-Fan|404\/404
|-start|p2a: Fotom-Ran|typechange|Flying\/Steel|[silent]
|raw|<ul class="utilichart"><li class="result"><span class="col pokemonnamecol" style="white-space: nowrap">Rotom-Fan<\/span> <span class="col typecol"><img src="https:\/\/dragonheaven.herokuapp.com\/sprites\/types\/Flying.png" alt="Flying" height="14" width="32"><img src="https:\/\/dragonheaven.herokuapp.com\/sprites\/types\/Steel.png" alt="Steel" height="14" width="32"><\/span> <span style="float: left ; min-height: 26px"><span class="col abilitycol">Delta Stream<\/span><span class="col abilitycol"><\/span><\/span><\/li><li style="clear: both"><\/li><\/ul>
|raw|<ul class="utilichart"><li class="result"><span style="float: left ; min-height: 26px"><span class="col statcol"><em>HP<\/em><br>100<\/span> <span class="col statcol"><em>Atk<\/em><br>65<\/span> <span class="col statcol"><em>Def<\/em><br>80<\/span> <span class="col statcol"><em>SpA<\/em><br>105<\/span> <span class="col statcol"><em>SpD<\/em><br>80<\/span> <span class="col statcol"><em>Spe<\/em><br>90<\/span> <\/span><\/li><li style="clear: both"><\/li><\/ul>
|-damage|p2a: Fotom-Ran|354\/404|[from] Stealth Rock
|-weather|DeltaStream|[from] ability: Delta Stream|[of] p2a: Fotom-Ran
|move|p1a: Sandslash-Lustrous|Rapid Spin|p2a: Fotom-Ran
|-resisted|p2a: Fotom-Ran
|-damage|p2a: Fotom-Ran|310\/404
|-boost|p1a: Sandslash-Lustrous|spe|1
|-sideend|p1: JosJet|Stealth Rock|[from] move: Rapid Spin|[of] p1a: Sandslash-Lustrous
|
|-weather|DeltaStream|[upkeep]
|-heal|p1a: Sandslash-Lustrous|100\/100|[from] item: Leftovers
|-heal|p2a: Fotom-Ran|335\/404|[from] item: Leftovers
|upkeep
|turn|12
|raw|<div class="message"><ul class="utilichart"><li class="result"><span class="col numcol">Alternatium<\/span> <span class="col iconcol"><psicon pokemon="meloetta"\/><\/span> <span class="col pokemonnamecol" style="white-space:nowrap"><a href="https:\/\/dex.pokemonshowdown.com\/pokemon\/meloetta" target="_blank">Meloetta<\/a><\/span> <span class="col typecol"><img src="https:\/\/dragonheaven.herokuapp.com\/sprites\/types\/Normal.png" alt="Normal" height="14" width="32"><img src="https:\/\/dragonheaven.herokuapp.com\/sprites\/types\/Psychic.png" alt="Psychic" height="14" width="32"><\/span> <span style="float:left;min-height:26px"><span class="col twoabilitycol">Serene Grace<br \/>Misty Coat<\/span><span class="col abilitycol"><em>Pressure<\/em><\/span><\/span><span style="float:left;min-height:26px"><span class="col statcol"><em>HP<\/em><br \/>89<\/span> <span class="col statcol"><em>Atk<\/em><br \/>87<\/span> <span class="col statcol"><em>Def<\/em><br \/>77<\/span> <span class="col statcol"><em>SpA<\/em><br \/>128<\/span> <span class="col statcol"><em>SpD<\/em><br \/>128<\/span> <span class="col statcol"><em>Spe<\/em><br \/>91<\/span> <span class="col bstcol"><em>BST<br \/>600<\/em><\/span> <\/span><\/li><li style="clear:both"><\/li><\/ul><\/div>
|raw|<font size="1"><font color="#686868">Dex#:<\/font> 648&nbsp;|&ThickSpace;<font color="#686868">Gen:<\/font> 5&nbsp;|&ThickSpace;<font color="#686868">Height:<\/font> 0.6 m&nbsp;|&ThickSpace;<font color="#686868">Weight:<\/font> 6.5 kg <em>(20 BP)<\/em>&nbsp;|&ThickSpace;<font color="#686868">Egg Group(s):<\/font> Undiscovered&nbsp;|&ThickSpace;<font color="#686868">Does Not Evolve<\/font><\/font>

|
|t:|1651944933
|switch|p1a: Castform-Thunderst|Castform-Thunderstorm, M|100\/100
|-start|p1a: Castform-Thunderst|typechange|Water\/Electric|[silent]
|raw|<ul class="utilichart"><li class="result"><span class="col pokemonnamecol" style="white-space: nowrap">Castform-Thunderstorm<\/span> <span class="col typecol"><img src="https:\/\/dragonheaven.herokuapp.com\/sprites\/types\/Water.png" alt="Water" height="14" width="32"><img src="https:\/\/dragonheaven.herokuapp.com\/sprites\/types\/Electric.png" alt="Electric" height="14" width="32"><\/span> <span style="float: left ; min-height: 26px"><span class="col abilitycol">Levitate \/ Water Absorb \/ Sharpshooter<\/span><span class="col abilitycol"><\/span><\/span><\/li><li style="clear: both"><\/li><\/ul>
|raw|<ul class="utilichart"><li class="result"><span style="float: left ; min-height: 26px"><span class="col statcol"><em>HP<\/em><br>75<\/span> <span class="col statcol"><em>Atk<\/em><br>80<\/span> <span class="col statcol"><em>Def<\/em><br>70<\/span> <span class="col statcol"><em>SpA<\/em><br>100<\/span> <span class="col statcol"><em>SpD<\/em><br>110<\/span> <span class="col statcol"><em>Spe<\/em><br>115<\/span> <\/span><\/li><li style="clear: both"><\/li><\/ul>
|move|p2a: Fotom-Ran|Toxic|p1a: Castform-Thunderst
|-status|p1a: Castform-Thunderst|tox
|
|-weather|DeltaStream|[upkeep]
|-heal|p2a: Fotom-Ran|360\/404|[from] item: Leftovers
|-damage|p1a: Castform-Thunderst|94\/100 tox|[from] psn
|upkeep
|turn|13
|
|t:|1651944946
|-weather|none
|switch|p2a: Morpeko-Marsh|Morpeko-Marsh, M|364\/364
|-start|p2a: Morpeko-Marsh|typechange|Grass\/Dark|[silent]
|raw|<ul class="utilichart"><li class="result"><span class="col pokemonnamecol" style="white-space: nowrap">Morpeko-Marsh<\/span> <span class="col typecol"><img src="https:\/\/dragonheaven.herokuapp.com\/sprites\/types\/Grass.png" alt="Grass" height="14" width="32"><img src="https:\/\/dragonheaven.herokuapp.com\/sprites\/types\/Dark.png" alt="Dark" height="14" width="32"><\/span> <span style="float: left ; min-height: 26px"><span class="col abilitycol">Strong Jaw \/ Wash Up<\/span><span class="col abilitycol"><\/span><\/span><\/li><li style="clear: both"><\/li><\/ul>
|raw|<ul class="utilichart"><li class="result"><span style="float: left ; min-height: 26px"><span class="col statcol"><em>HP<\/em><br>80<\/span> <span class="col statcol"><em>Atk<\/em><br>100<\/span> <span class="col statcol"><em>Def<\/em><br>95<\/span> <span class="col statcol"><em>SpA<\/em><br>50<\/span> <span class="col statcol"><em>SpD<\/em><br>115<\/span> <span class="col statcol"><em>Spe<\/em><br>110<\/span> <\/span><\/li><li style="clear: both"><\/li><\/ul>
|-fieldstart|move: Water Sport|[of] p2a: Morpeko-Marsh
|move|p1a: Castform-Thunderst|Flamethrower|p2a: Morpeko-Marsh
|-supereffective|p2a: Morpeko-Marsh
|-damage|p2a: Morpeko-Marsh|314\/364
|
|-damage|p1a: Castform-Thunderst|82\/100 tox|[from] psn
|upkeep
|turn|14
|
|t:|1651944963
|switch|p1a: Rotom-Fan|Rotom-Fan|100\/100
|-start|p1a: Rotom-Fan|typechange|Flying\/Steel|[silent]
|-weather|DeltaStream|[from] ability: Delta Stream|[of] p1a: Rotom-Fan
|move|p2a: Morpeko-Marsh|Knock Off|p1a: Rotom-Fan
|-damage|p1a: Rotom-Fan|80\/100
|
|-weather|DeltaStream|[upkeep]
|upkeep
|turn|15
|
|t:|1651944969
|switch|p2a: Torom|Rotom|303\/303
|-start|p2a: Torom|typechange|Electric\/Ghost|[silent]
|raw|<ul class="utilichart"><li class="result"><span class="col pokemonnamecol" style="white-space: nowrap">Rotom<\/span> <span class="col typecol"><img src="https:\/\/dragonheaven.herokuapp.com\/sprites\/types\/Electric.png" alt="Electric" height="14" width="32"><img src="https:\/\/dragonheaven.herokuapp.com\/sprites\/types\/Ghost.png" alt="Ghost" height="14" width="32"><\/span> <span style="float: left ; min-height: 26px"><span class="col abilitycol">Levitate \/ Prankster \/ Speed Boost<\/span><span class="col abilitycol"><\/span><\/span><\/li><li style="clear: both"><\/li><\/ul>
|raw|<ul class="utilichart"><li class="result"><span style="float: left ; min-height: 26px"><span class="col statcol"><em>HP<\/em><br>50<\/span> <span class="col statcol"><em>Atk<\/em><br>55<\/span> <span class="col statcol"><em>Def<\/em><br>105<\/span> <span class="col statcol"><em>SpA<\/em><br>97<\/span> <span class="col statcol"><em>SpD<\/em><br>105<\/span> <span class="col statcol"><em>Spe<\/em><br>90<\/span> <\/span><\/li><li style="clear: both"><\/li><\/ul>
|-damage|p2a: Torom|266\/303|[from] Stealth Rock
|move|p1a: Rotom-Fan|Discharge|p2a: Torom
|-resisted|p2a: Torom
|-damage|p2a: Torom|250\/303
|
|-weather|DeltaStream|[upkeep]
|upkeep
|turn|16
|
|t:|1651944979
|move|p1a: Rotom-Fan|Volt Switch|p2a: Torom
|-resisted|p2a: Torom
|-damage|p2a: Torom|237\/303
|
|t:|1651944982
|-weather|none
|switch|p1a: Slowbro|Slowbro, M|70\/100|[from]move: Volt Switch
|-start|p1a: Slowbro|typechange|Water\/Ground|[silent]
|move|p2a: Torom|Defog|p1a: Slowbro
|-unboost|p1a: Slowbro|evasion|1
|-sideend|p2: DarkraiRetribution|Stealth Rock|[from] move: Defog|[of] p2a: Torom
|
|-heal|p1a: Slowbro|76\/100|[from] item: Leftovers
|upkeep
|turn|17
|c|☆DarkraiRetribution|\/log Farce Of The Death was invited (and promoted to Room Voice) by DarkraiRetribution.
|
|t:|1651944988
|move|p2a: Torom|Toxic|p1a: Slowbro
|-status|p1a: Slowbro|tox
|move|p1a: Slowbro|Teleport|p1a: Slowbro
|
|t:|1651945002
|switch|p1a: Sandslash-Lustrous|Sandslash-Lustrous, M|100\/100|[from]move: Teleport
|-start|p1a: Sandslash-Lustrous|typechange|Ground\/Fairy|[silent]
|
|-fieldend|move: Water Sport
|upkeep
|turn|18
|
|t:|1651945010
|switch|p2a: Fotom-Ran|Rotom-Fan|360\/404
|-start|p2a: Fotom-Ran|typechange|Flying\/Steel|[silent]
|-weather|DeltaStream|[from] ability: Delta Stream|[of] p2a: Fotom-Ran
|move|p1a: Sandslash-Lustrous|Rapid Spin|p2a: Fotom-Ran
|-resisted|p2a: Fotom-Ran
|-damage|p2a: Fotom-Ran|320\/404
|-boost|p1a: Sandslash-Lustrous|spe|1
|
|-weather|DeltaStream|[upkeep]
|-heal|p2a: Fotom-Ran|345\/404|[from] item: Leftovers
|upkeep
|turn|19
|
|t:|1651945018
|move|p1a: Sandslash-Lustrous|Swords Dance|p1a: Sandslash-Lustrous
|-boost|p1a: Sandslash-Lustrous|atk|2
|move|p2a: Fotom-Ran|Oblivion Wing|p1a: Sandslash-Lustrous
|-damage|p1a: Sandslash-Lustrous|63\/100
|-heal|p2a: Fotom-Ran|404\/404|[from] drain|[of] p1a: Sandslash-Lustrous
|
|-weather|DeltaStream|[upkeep]
|-heal|p1a: Sandslash-Lustrous|69\/100|[from] item: Leftovers
|upkeep
|turn|20
|j|+Farce Of The Death
|
|t:|1651945044
|switch|p1a: Slowbro|Slowbro, M|76\/100 tox
|-start|p1a: Slowbro|typechange|Water\/Ground|[silent]
|move|p2a: Fotom-Ran|Oblivion Wing|p1a: Slowbro
|-damage|p1a: Slowbro|34\/100 tox
|
|-weather|DeltaStream|[upkeep]
|-heal|p1a: Slowbro|40\/100 tox|[from] item: Leftovers
|-damage|p1a: Slowbro|34\/100 tox|[from] psn
|upkeep
|turn|21
|
|t:|1651945050
|move|p2a: Fotom-Ran|Oblivion Wing|p1a: Slowbro
|-damage|p1a: Slowbro|0 fnt
|faint|p1a: Slowbro
|
|-weather|DeltaStream|[upkeep]
|upkeep
|
|t:|1651945062
|switch|p1a: Castform-Thunderst|Castform-Thunderstorm, M|82\/100 tox
|-start|p1a: Castform-Thunderst|typechange|Water\/Electric|[silent]
|turn|22
|
|t:|1651945074
|-weather|none
|switch|p2a: Torom|Rotom|237\/303
|-start|p2a: Torom|typechange|Electric\/Ghost|[silent]
|move|p1a: Castform-Thunderst|Flamethrower|p2a: Torom
|-damage|p2a: Torom|196\/303
|
|-damage|p1a: Castform-Thunderst|76\/100 tox|[from] psn
|upkeep
|turn|23
|
|t:|1651945080
|move|p1a: Castform-Thunderst|Hydro Pump|p2a: Torom|[miss]
|-miss|p1a: Castform-Thunderst|p2a: Torom
|move|p2a: Torom|Recover|p2a: Torom
|-heal|p2a: Torom|303\/303
|
|-damage|p1a: Castform-Thunderst|63\/100 tox|[from] psn
|upkeep
|turn|24
|c|☆DarkraiRetribution|mb
|
|t:|1651945105
|switch|p1a: Sandslash-Lustrous|Sandslash-Lustrous, M|69\/100
|-start|p1a: Sandslash-Lustrous|typechange|Ground\/Fairy|[silent]
|move|p2a: Torom|Hex|p1a: Sandslash-Lustrous
|-crit|p1a: Sandslash-Lustrous
|-damage|p1a: Sandslash-Lustrous|25\/100
|
|-heal|p1a: Sandslash-Lustrous|31\/100|[from] item: Leftovers
|upkeep
|turn|25
|c|☆DarkraiRetribution|b
|c|☆DarkraiRetribution|mb*
|
|t:|1651945122
|switch|p1a: Meloetta|Meloetta|100\/100
|-start|p1a: Meloetta|typechange|Normal\/Psychic|[silent]
|raw|<ul class="utilichart"><li class="result"><span class="col pokemonnamecol" style="white-space: nowrap">Meloetta<\/span> <span class="col typecol"><img src="https:\/\/dragonheaven.herokuapp.com\/sprites\/types\/Normal.png" alt="Normal" height="14" width="32"><img src="https:\/\/dragonheaven.herokuapp.com\/sprites\/types\/Psychic.png" alt="Psychic" height="14" width="32"><\/span> <span style="float: left ; min-height: 26px"><span class="col abilitycol">Serene Grace \/ Misty Coat \/ Pressure<\/span><span class="col abilitycol"><\/span><\/span><\/li><li style="clear: both"><\/li><\/ul>
|raw|<ul class="utilichart"><li class="result"><span style="float: left ; min-height: 26px"><span class="col statcol"><em>HP<\/em><br>89<\/span> <span class="col statcol"><em>Atk<\/em><br>87<\/span> <span class="col statcol"><em>Def<\/em><br>77<\/span> <span class="col statcol"><em>SpA<\/em><br>128<\/span> <span class="col statcol"><em>SpD<\/em><br>128<\/span> <span class="col statcol"><em>Spe<\/em><br>91<\/span> <\/span><\/li><li style="clear: both"><\/li><\/ul>
|switch|p2a: Fotom-Ran|Rotom-Fan|404\/404
|-start|p2a: Fotom-Ran|typechange|Flying\/Steel|[silent]
|-weather|DeltaStream|[from] ability: Delta Stream|[of] p2a: Fotom-Ran
|
|-weather|DeltaStream|[upkeep]
|upkeep
|turn|26
|
|t:|1651945132
|move|p1a: Meloetta|U-turn|p2a: Fotom-Ran
|-resisted|p2a: Fotom-Ran
|-damage|p2a: Fotom-Ran|396\/404
|
|t:|1651945134
|switch|p1a: Rotom-Fan|Rotom-Fan|80\/100|[from]move: U-turn
|-start|p1a: Rotom-Fan|typechange|Flying\/Steel|[silent]
|move|p2a: Fotom-Ran|Toxic|p1a: Rotom-Fan|[miss]
|-miss|p2a: Fotom-Ran|p1a: Rotom-Fan
|
|-weather|DeltaStream|[upkeep]
|-heal|p2a: Fotom-Ran|404\/404|[from] item: Leftovers
|upkeep
|turn|27
|
|t:|1651945139
|switch|p2a: Morpeko-Marsh|Morpeko-Marsh, M|314\/364
|-start|p2a: Morpeko-Marsh|typechange|Grass\/Dark|[silent]
|-fieldstart|move: Water Sport|[of] p2a: Morpeko-Marsh
|move|p1a: Rotom-Fan|Discharge|p2a: Morpeko-Marsh
|-resisted|p2a: Morpeko-Marsh
|-damage|p2a: Morpeko-Marsh|291\/364
|
|-weather|DeltaStream|[upkeep]
|upkeep
|turn|28
|
|t:|1651945162
|move|p2a: Morpeko-Marsh|Spikes|p1a: Rotom-Fan
|-sidestart|p1: JosJet|Spikes
|move|p1a: Rotom-Fan|Oblivion Wing|p2a: Morpeko-Marsh
|-supereffective|p2a: Morpeko-Marsh
|-damage|p2a: Morpeko-Marsh|151\/364
|-heal|p1a: Rotom-Fan|100\/100|[from] drain|[of] p2a: Morpeko-Marsh
|
|-weather|DeltaStream|[upkeep]
|upkeep
|turn|29
|
|t:|1651945168
|move|p2a: Morpeko-Marsh|Recover|p2a: Morpeko-Marsh
|-heal|p2a: Morpeko-Marsh|333\/364
|move|p1a: Rotom-Fan|Oblivion Wing|p2a: Morpeko-Marsh
|-supereffective|p2a: Morpeko-Marsh
|-damage|p2a: Morpeko-Marsh|189\/364
|
|-weather|DeltaStream|[upkeep]
|upkeep
|turn|30
|
|t:|1651945173
|move|p2a: Morpeko-Marsh|Recover|p2a: Morpeko-Marsh
|-heal|p2a: Morpeko-Marsh|364\/364
|move|p1a: Rotom-Fan|Oblivion Wing|p2a: Morpeko-Marsh
|-supereffective|p2a: Morpeko-Marsh
|-damage|p2a: Morpeko-Marsh|214\/364
|
|-weather|DeltaStream|[upkeep]
|upkeep
|turn|31
|
|t:|1651945181
|switch|p2a: Zarmanitan-Den|Darmanitan-Zen, M|424\/454
|-start|p2a: Zarmanitan-Den|typechange|Psychic\/Steel|[silent]
|-ability|p2a: Zarmanitan-Den|Comatose
|move|p1a: Rotom-Fan|Oblivion Wing|p2a: Zarmanitan-Den
|-resisted|p2a: Zarmanitan-Den
|-damage|p2a: Zarmanitan-Den|392\/454
|
|-weather|DeltaStream|[upkeep]
|-fieldend|move: Water Sport
|upkeep
|turn|32
|
|t:|1651945186
|move|p1a: Rotom-Fan|Volt Switch|p2a: Zarmanitan-Den
|-damage|p2a: Zarmanitan-Den|355\/454
|
|t:|1651945193
|-weather|none
|switch|p1a: Castform-Thunderst|Castform-Thunderstorm, M|63\/100 tox|[from]move: Volt Switch
|-start|p1a: Castform-Thunderst|typechange|Water\/Electric|[silent]
|move|p2a: Zarmanitan-Den|Doom Desire|p1a: Castform-Thunderst
|-start|p2a: Zarmanitan-Den|Doom Desire
|
|-damage|p1a: Castform-Thunderst|57\/100 tox|[from] psn
|upkeep
|turn|33
|
|t:|1651945199
|move|p2a: Zarmanitan-Den|Protect|p2a: Zarmanitan-Den
|-singleturn|p2a: Zarmanitan-Den|Protect
|move|p1a: Castform-Thunderst|Hydro Pump|p2a: Zarmanitan-Den
|-activate|p2a: Zarmanitan-Den|move: Protect
|
|-damage|p1a: Castform-Thunderst|45\/100 tox|[from] psn
|upkeep
|turn|34
|
|t:|1651945204
|move|p1a: Castform-Thunderst|Flamethrower|p2a: Zarmanitan-Den
|-supereffective|p2a: Zarmanitan-Den
|-damage|p2a: Zarmanitan-Den|209\/454
|move|p2a: Zarmanitan-Den|Wish|p2a: Zarmanitan-Den
|
|-end|p1a: Castform-Thunderst|move: Doom Desire
|-resisted|p1a: Castform-Thunderst
|-damage|p1a: Castform-Thunderst|33\/100 tox
|-damage|p1a: Castform-Thunderst|15\/100 tox|[from] psn
|upkeep
|turn|35
|
|t:|1651945215
|move|p2a: Zarmanitan-Den|Protect|p2a: Zarmanitan-Den
|-singleturn|p2a: Zarmanitan-Den|Protect
|move|p1a: Castform-Thunderst|Flamethrower|p2a: Zarmanitan-Den
|-activate|p2a: Zarmanitan-Den|move: Protect
|
|-heal|p2a: Zarmanitan-Den|436\/454|[from] move: Wish|[wisher] Zarmanitan-Den
|-damage|p1a: Castform-Thunderst|0 fnt|[from] psn
|faint|p1a: Castform-Thunderst
|upkeep
|
|t:|1651945220
|switch|p1a: Sandslash-Lustrous|Sandslash-Lustrous, M|31\/100
|-start|p1a: Sandslash-Lustrous|typechange|Ground\/Fairy|[silent]
|-damage|p1a: Sandslash-Lustrous|18\/100|[from] Spikes
|turn|36
|
|t:|1651945229
|switch|p2a: Fotom-Ran|Rotom-Fan|404\/404
|-start|p2a: Fotom-Ran|typechange|Flying\/Steel|[silent]
|-weather|DeltaStream|[from] ability: Delta Stream|[of] p2a: Fotom-Ran
|move|p1a: Sandslash-Lustrous|Swords Dance|p1a: Sandslash-Lustrous
|-boost|p1a: Sandslash-Lustrous|atk|2
|
|-weather|DeltaStream|[upkeep]
|-heal|p1a: Sandslash-Lustrous|24\/100|[from] item: Leftovers
|upkeep
|turn|37
|
|t:|1651945237
|move|p1a: Sandslash-Lustrous|Facade|p2a: Fotom-Ran
|-resisted|p2a: Fotom-Ran
|-damage|p2a: Fotom-Ran|278\/404
|move|p2a: Fotom-Ran|Oblivion Wing|p1a: Sandslash-Lustrous
|-damage|p1a: Sandslash-Lustrous|0 fnt
|-heal|p2a: Fotom-Ran|331\/404|[from] drain|[of] p1a: Sandslash-Lustrous
|faint|p1a: Sandslash-Lustrous
|
|-weather|DeltaStream|[upkeep]
|-heal|p2a: Fotom-Ran|356\/404|[from] item: Leftovers
|upkeep
|
|t:|1651945243
|switch|p1a: Rotom-Fan|Rotom-Fan|100\/100
|-start|p1a: Rotom-Fan|typechange|Flying\/Steel|[silent]
|turn|38
|
|t:|1651945254
|switch|p2a: Torom|Rotom|303\/303
|-start|p2a: Torom|typechange|Electric\/Ghost|[silent]
|move|p1a: Rotom-Fan|Discharge|p2a: Torom
|-resisted|p2a: Torom
|-damage|p2a: Torom|287\/303
|
|-weather|DeltaStream|[upkeep]
|upkeep
|turn|39
|
|t:|1651945268
|move|p1a: Rotom-Fan|Volt Switch|p2a: Torom
|-resisted|p2a: Torom
|-damage|p2a: Torom|273\/303
|c|☆DarkraiRetribution|\/log DarkraiRetribution made this room public.
|j|~DuoM2
|raw|<div class="broadcast-blue"><strong>This room is no longer invite only!<\/strong><br \/>Anyone may now join.<\/div>
|c|☆JosJet|\/log JosJet turned off modjoin.
|
|t:|1651945308
|-weather|none
|switch|p1a: Meloetta|Meloetta|100\/100|[from]move: Volt Switch
|-damage|p1a: Meloetta|88\/100|[from] Spikes
|-start|p1a: Meloetta|typechange|Normal\/Psychic|[silent]
|move|p2a: Torom|Hex|p1a: Meloetta
|-immune|p1a: Meloetta
|
|-heal|p1a: Meloetta|94\/100|[from] item: Leftovers
|upkeep
|turn|40
|
|t:|1651945316
|move|p1a: Meloetta|U-turn|p2a: Torom
|-resisted|p2a: Torom
|-damage|p2a: Torom|86\/100
|j|+Gekokeso
|
|t:|1651945352
|switch|p1a: Rotom-Fan|Rotom-Fan|100\/100|[from]move: U-turn
|-start|p1a: Rotom-Fan|typechange|Flying\/Steel|[silent]
|-weather|DeltaStream|[from] ability: Delta Stream|[of] p1a: Rotom-Fan
|move|p2a: Torom|Toxic|p1a: Rotom-Fan
|-immune|p1a: Rotom-Fan
|
|-weather|DeltaStream|[upkeep]
|upkeep
|turn|41
|
|t:|1651945365
|move|p1a: Rotom-Fan|Discharge|p2a: Torom
|-resisted|p2a: Torom
|-damage|p2a: Torom|81\/100
|move|p2a: Torom|Toxic|p1a: Rotom-Fan
|-immune|p1a: Rotom-Fan
|
|-weather|DeltaStream|[upkeep]
|upkeep
|turn|42
|
|t:|1651945376
|move|p1a: Rotom-Fan|Discharge|p2a: Torom
|-resisted|p2a: Torom
|-damage|p2a: Torom|77\/100
|move|p2a: Torom|Toxic|p1a: Rotom-Fan
|-immune|p1a: Rotom-Fan
|
|-weather|DeltaStream|[upkeep]
|upkeep
|turn|43
|
|t:|1651945382
|move|p1a: Rotom-Fan|Discharge|p2a: Torom
|-resisted|p2a: Torom
|-damage|p2a: Torom|71\/100
|move|p2a: Torom|Toxic|p1a: Rotom-Fan
|-immune|p1a: Rotom-Fan
|
|-weather|DeltaStream|[upkeep]
|upkeep
|turn|44
|
|t:|1651945389
|move|p2a: Torom|Recover|p2a: Torom
|-heal|p2a: Torom|100\/100
|move|p1a: Rotom-Fan|Volt Switch|p2a: Torom
|-resisted|p2a: Torom
|-damage|p2a: Torom|96\/100
|
|t:|1651945392
|-weather|none
|switch|p1a: Meloetta|Meloetta|94\/100|[from]move: Volt Switch
|-damage|p1a: Meloetta|82\/100|[from] Spikes
|-start|p1a: Meloetta|typechange|Normal\/Psychic|[silent]
|
|-heal|p1a: Meloetta|88\/100|[from] item: Leftovers
|upkeep
|turn|45
|
|t:|1651945399
|switch|p1a: Rotom-Fan|Rotom-Fan|100\/100
|-start|p1a: Rotom-Fan|typechange|Flying\/Steel|[silent]
|-weather|DeltaStream|[from] ability: Delta Stream|[of] p1a: Rotom-Fan
|switch|p2a: Sorcoul|Corsoul, F|100\/100
|-start|p2a: Sorcoul|typechange|Ghost\/Water|[silent]
|
|-weather|DeltaStream|[upkeep]
|upkeep
|turn|46
|
|t:|1651945403
|move|p1a: Rotom-Fan|Discharge|p2a: Sorcoul
|-supereffective|p2a: Sorcoul
|-damage|p2a: Sorcoul|69\/100
|-heal|p2a: Sorcoul|79\/100|[from] ability: Liquid Scales|[of] p1a: Rotom-Fan
|move|p2a: Sorcoul|Stealth Rock|p1a: Rotom-Fan
|-sidestart|p1: JosJet|move: Stealth Rock
|
|-weather|DeltaStream|[upkeep]
|upkeep
|turn|47
|
|t:|1651945409
|move|p1a: Rotom-Fan|Defog|p2a: Sorcoul
|-unboost|p2a: Sorcoul|evasion|1
|-sideend|p1: JosJet|Spikes|[from] move: Defog|[of] p1a: Rotom-Fan
|-sideend|p1: JosJet|Stealth Rock|[from] move: Defog|[of] p1a: Rotom-Fan
|move|p2a: Sorcoul|Scald|p1a: Rotom-Fan
|-damage|p1a: Rotom-Fan|84\/100
|
|-weather|DeltaStream|[upkeep]
|upkeep
|turn|48
|
|t:|1651945414
|move|p1a: Rotom-Fan|Discharge|p2a: Sorcoul
|-supereffective|p2a: Sorcoul
|-damage|p2a: Sorcoul|51\/100
|-heal|p2a: Sorcoul|61\/100|[from] ability: Liquid Scales|[of] p1a: Rotom-Fan
|move|p2a: Sorcoul|Stealth Rock|p1a: Rotom-Fan
|-sidestart|p1: JosJet|move: Stealth Rock
|
|-weather|DeltaStream|[upkeep]
|upkeep
|turn|49
|
|t:|1651945420
|move|p1a: Rotom-Fan|Defog|p2a: Sorcoul
|-unboost|p2a: Sorcoul|evasion|1
|-sideend|p1: JosJet|Stealth Rock|[from] move: Defog|[of] p1a: Rotom-Fan
|move|p2a: Sorcoul|Scald|p1a: Rotom-Fan
|-damage|p1a: Rotom-Fan|66\/100
|
|-weather|DeltaStream|[upkeep]
|upkeep
|turn|50
|
|t:|1651945424
|move|p1a: Rotom-Fan|Discharge|p2a: Sorcoul
|-supereffective|p2a: Sorcoul
|-damage|p2a: Sorcoul|30\/100
|-status|p2a: Sorcoul|par
|-heal|p2a: Sorcoul|40\/100 par|[from] ability: Liquid Scales|[of] p1a: Rotom-Fan
|move|p2a: Sorcoul|Strength Sap|p1a: Rotom-Fan
|-unboost|p1a: Rotom-Fan|atk|1
|-heal|p2a: Sorcoul|70\/100 par
|
|-weather|DeltaStream|[upkeep]
|upkeep
|turn|51
|
|t:|1651945432
|move|p1a: Rotom-Fan|Discharge|p2a: Sorcoul
|-supereffective|p2a: Sorcoul
|-damage|p2a: Sorcoul|39\/100 par
|-heal|p2a: Sorcoul|49\/100 par|[from] ability: Liquid Scales|[of] p1a: Rotom-Fan
|move|p2a: Sorcoul|Scald|p1a: Rotom-Fan
|-damage|p1a: Rotom-Fan|48\/100
|
|-weather|DeltaStream|[upkeep]
|upkeep
|turn|52
|
|t:|1651945439
|move|p1a: Rotom-Fan|Discharge|p2a: Sorcoul
|-supereffective|p2a: Sorcoul
|-damage|p2a: Sorcoul|19\/100 par
|-heal|p2a: Sorcoul|28\/100 par|[from] ability: Liquid Scales|[of] p1a: Rotom-Fan
|move|p2a: Sorcoul|Scald|p1a: Rotom-Fan
|-damage|p1a: Rotom-Fan|30\/100
|-status|p1a: Rotom-Fan|brn
|
|-weather|DeltaStream|[upkeep]
|-damage|p1a: Rotom-Fan|24\/100 brn|[from] brn
|upkeep
|turn|53
|
|t:|1651945448
|switch|p2a: Torom|Rotom|96\/100
|-start|p2a: Torom|typechange|Electric\/Ghost|[silent]
|move|p1a: Rotom-Fan|Discharge|p2a: Torom
|-resisted|p2a: Torom
|-damage|p2a: Torom|91\/100
|
|-weather|DeltaStream|[upkeep]
|-damage|p1a: Rotom-Fan|17\/100 brn|[from] brn
|upkeep
|turn|54
|
|t:|1651945460
|move|p1a: Rotom-Fan|Discharge|p2a: Torom
|-resisted|p2a: Torom
|-damage|p2a: Torom|85\/100
|move|p2a: Torom|Hex|p1a: Rotom-Fan
|-damage|p1a: Rotom-Fan|0 fnt
|faint|p1a: Rotom-Fan
|-weather|none
|
|upkeep
|
|t:|1651945462
|switch|p1a: Meloetta|Meloetta|88\/100
|-start|p1a: Meloetta|typechange|Normal\/Psychic|[silent]
|turn|55
|
|t:|1651945467
|move|p1a: Meloetta|Calm Mind|p1a: Meloetta
|-boost|p1a: Meloetta|spa|1
|-boost|p1a: Meloetta|spd|1
|move|p2a: Torom|Toxic|p1a: Meloetta
|-status|p1a: Meloetta|tox
|
|-heal|p1a: Meloetta|94\/100 tox|[from] item: Leftovers
|-damage|p1a: Meloetta|88\/100 tox|[from] psn
|upkeep
|turn|56
|
|t:|1651945472
|switch|p2a: Zarmanitan-Den|Darmanitan-Zen, M|97\/100
|-start|p2a: Zarmanitan-Den|typechange|Psychic\/Steel|[silent]
|-ability|p2a: Zarmanitan-Den|Comatose
|move|p1a: Meloetta|Psyshock|p2a: Zarmanitan-Den
|-resisted|p2a: Zarmanitan-Den
|-damage|p2a: Zarmanitan-Den|87\/100
|
|-heal|p1a: Meloetta|94\/100 tox|[from] item: Leftovers
|-damage|p1a: Meloetta|82\/100 tox|[from] psn
|upkeep
|turn|57
|
|t:|1651945478
|move|p1a: Meloetta|Psyshock|p2a: Zarmanitan-Den
|-resisted|p2a: Zarmanitan-Den
|-damage|p2a: Zarmanitan-Den|77\/100
|move|p2a: Zarmanitan-Den|Wish|p2a: Zarmanitan-Den
|
|-heal|p1a: Meloetta|88\/100 tox|[from] item: Leftovers
|-damage|p1a: Meloetta|70\/100 tox|[from] psn
|upkeep
|turn|58
|
|t:|1651945481
|move|p1a: Meloetta|Psyshock|p2a: Zarmanitan-Den
|-resisted|p2a: Zarmanitan-Den
|-damage|p2a: Zarmanitan-Den|68\/100
|move|p2a: Zarmanitan-Den|U-turn|p1a: Meloetta
|-supereffective|p1a: Meloetta
|-damage|p1a: Meloetta|49\/100 tox
|
|t:|1651945484
|switch|p2a: Sorcoul|Corsoul, F|28\/100 par|[from]move: U-turn
|-start|p2a: Sorcoul|typechange|Ghost\/Water|[silent]
|
|-heal|p2a: Sorcoul|85\/100 par|[from] move: Wish|[wisher] Zarmanitan-Den
|-heal|p1a: Meloetta|55\/100 tox|[from] item: Leftovers
|-damage|p1a: Meloetta|31\/100 tox|[from] psn
|upkeep
|turn|59
|
|t:|1651945487
|switch|p2a: Zarmanitan-Den|Darmanitan-Zen, M|68\/100
|-start|p2a: Zarmanitan-Den|typechange|Psychic\/Steel|[silent]
|-ability|p2a: Zarmanitan-Den|Comatose
|move|p1a: Meloetta|Psyshock|p2a: Zarmanitan-Den
|-resisted|p2a: Zarmanitan-Den
|-damage|p2a: Zarmanitan-Den|59\/100
|
|-heal|p1a: Meloetta|37\/100 tox|[from] item: Leftovers
|-damage|p1a: Meloetta|7\/100 tox|[from] psn
|upkeep
|turn|60
|
|t:|1651945492
|move|p1a: Meloetta|Psyshock|p2a: Zarmanitan-Den
|-resisted|p2a: Zarmanitan-Den
|-damage|p2a: Zarmanitan-Den|49\/100
|move|p2a: Zarmanitan-Den|U-turn|p1a: Meloetta
|-supereffective|p1a: Meloetta
|-damage|p1a: Meloetta|0 fnt
|faint|p1a: Meloetta
|
|win|DarkraiRetribution
|c|☆DarkraiRetribution|gg
|c|☆JosJet|gg!
|c|~DuoM2|wp @ both
|l|☆JosJet
|c|~DuoM2|make sure you download the replay
|c|☆DarkraiRetribution|what shall I do with the replay again?
|c|~DuoM2|and DM that to scoop</script>
</div>
<div class="battle-log battle-log-inline"><div class="inner"><div class="battle-options"><div style="padding-top: 3px; padding-right: 3px; text-align: right"><button class="icon button" name="openBattleOptions" title="Options">Battle Options</button></div></div><div class="inner message-log"><div class="chat"><div class="broadcast-red"><strong>This battle is invite-only!</strong><br>Users must be invited with <code>/invite</code> (or be staff) to join</div></div><div class="chat"><small>☆JosJet and ☆DarkraiRetribution joined</small></div><div class=""><small>Format:</small> <br><strong>[Gen 8] Alternatium</strong></div><div class=""><small><em>HP Percentage Mod:</em> HP is shown in percentages</small></div><div class=""><small><em>Endless Battle Clause:</em> Forcing endless battles is banned</small></div><div class=""><small><em>OHKO Clause:</em> OHKO moves are banned</small></div><div class=""><small><em>Evasion Moves Clause:</em> Evasion moves are banned</small></div><div class=""><small><em>Dynamax Clause:</em> You cannot dynamax</small></div><div class=""><small><em>Sleep Clause Mod:</em> Limit one foe put to sleep</small></div><div class=""><small><em>Z-Move Clause:</em> Z-Moves are banned</small></div><div class="chat battle-history"><strong>JosJet's team:</strong> <em style="color:#445566;display:block;">Sandslash-Lustrous / Darmanitan / Rotom-Fan / Meloetta / Slowbro / Castform-Thunderstorm</em></div><div class="chat battle-history"><strong>DarkraiRetribution's team:</strong> <em style="color:#445566;display:block;">Corsoul / Slowking-Galar / Rotom / Rotom-Fan / Darmanitan-Zen / Morpeko-Marsh</em></div><div class="chat chatmessage-darkrairetribution mine"><strong style="color:#0f9554"><small>☆</small><span class="username" data-name="DarkraiRetribution">DarkraiRetribution</span>:</strong> <em>gl hf</em></div><div class="chat chatmessage-josjet"><strong style="color:#41b2b6"><small>☆</small><span class="username" data-name="JosJet">JosJet</span>:</strong> <em>ty yt!</em></div><div class="spacer battle-history"><br></div><div class="battle-history">Battle started between JosJet and DarkraiRetribution!<br></div><div class="spacer battle-history"><br></div><div class="battle-history">JosJet sent out <strong>Slowbro</strong>!<br></div><div class="spacer battle-history"><br></div><div class="battle-history">Go! Sorcoul (<strong>Corsoul</strong>)!<br></div><div class="chat"><ul class="utilichart"><li class="result"><span class="col pokemonnamecol" style="white-space: nowrap">Corsoul</span> <span class="col typecol"><img src="https://dragonheaven.herokuapp.com/sprites/types/Ghost.png" alt="Ghost" height="14" width="32"><img src="https://dragonheaven.herokuapp.com/sprites/types/Water.png" alt="Water" height="14" width="32"></span> <span style="float: left ; min-height: 26px"><span class="col abilitycol">Levitate / Liquid Scales</span><span class="col abilitycol"></span></span></li><li style="clear: both"></li></ul></div><div class="chat"><ul class="utilichart"><li class="result"><span style="float: left ; min-height: 26px"><span class="col statcol"><em>HP</em><br>100</span> <span class="col statcol"><em>Atk</em><br>100</span> <span class="col statcol"><em>Def</em><br>70</span> <span class="col statcol"><em>SpA</em><br>70</span> <span class="col statcol"><em>SpD</em><br>100</span> <span class="col statcol"><em>Spe</em><br>70</span> </span></li><li style="clear: both"></li></ul></div><div class="chat"><ul class="utilichart"><li class="result"><span class="col pokemonnamecol" style="white-space: nowrap">Slowbro</span> <span class="col typecol"><img src="https://dragonheaven.herokuapp.com/sprites/types/Water.png" alt="Water" height="14" width="32"><img src="https://dragonheaven.herokuapp.com/sprites/types/Ground.png" alt="Ground" height="14" width="32"></span> <span style="float: left ; min-height: 26px"><span class="col abilitycol">Oblivious / Shell Armor / Sand Spit</span><span class="col abilitycol"></span></span></li><li style="clear: both"></li></ul></div><div class="chat"><ul class="utilichart"><li class="result"><span style="float: left ; min-height: 26px"><span class="col statcol"><em>HP</em><br>90</span> <span class="col statcol"><em>Atk</em><br>75</span> <span class="col statcol"><em>Def</em><br>165</span> <span class="col statcol"><em>SpA</em><br>95</span> <span class="col statcol"><em>SpD</em><br>55</span> <span class="col statcol"><em>Spe</em><br>30</span> </span></li><li style="clear: both"></li></ul></div><div class="spacer battle-history"><br></div><h2 class="battle-history">Turn 1</h2><div class="spacer battle-history"><br></div><div class="battle-history">Sorcoul used <strong>Stealth Rock</strong>!<br></div><div class="battle-history"><small>Pointed stones float in the air around the opposing team!</small><br></div><div class="spacer battle-history"><br></div><div class="battle-history">The opposing Slowbro used <strong>Stealth Rock</strong>!<br></div><div class="battle-history"><small>Pointed stones float in the air around your team!</small><br></div><div class="spacer battle-history"><br></div><h2 class="battle-history">Turn 2</h2><div class="spacer battle-history"><br></div><div class="battle-history">Sorcoul used <strong>Scald</strong>!<br></div><div class="battle-history"><small>(The opposing Slowbro lost 30% of its health!)</small><br></div><div class="spacer battle-history"><br></div><div class="battle-history">The opposing Slowbro used <strong>Teleport</strong>!<br></div><div class="spacer battle-history"><br></div><div class="battle-history">JosJet withdrew Slowbro!<br></div><div class="battle-history">JosJet sent out <strong>Rotom-Fan</strong>!<br></div><div class="battle-history"><small>Pointed stones dug into the opposing Rotom-Fan!</small><br></div><div class="chat"><ul class="utilichart"><li class="result"><span class="col pokemonnamecol" style="white-space: nowrap">Rotom-Fan</span> <span class="col typecol"><img src="https://dragonheaven.herokuapp.com/sprites/types/Flying.png" alt="Flying" height="14" width="32"><img src="https://dragonheaven.herokuapp.com/sprites/types/Steel.png" alt="Steel" height="14" width="32"></span> <span style="float: left ; min-height: 26px"><span class="col abilitycol">Delta Stream</span><span class="col abilitycol"></span></span></li><li style="clear: both"></li></ul></div><div class="chat"><ul class="utilichart"><li class="result"><span style="float: left ; min-height: 26px"><span class="col statcol"><em>HP</em><br>100</span> <span class="col statcol"><em>Atk</em><br>65</span> <span class="col statcol"><em>Def</em><br>80</span> <span class="col statcol"><em>SpA</em><br>105</span> <span class="col statcol"><em>SpD</em><br>80</span> <span class="col statcol"><em>Spe</em><br>90</span> </span></li><li style="clear: both"></li></ul></div><div class="battle-history">[The opposing Rotom-Fan's Delta Stream]<br><small>Mysterious strong winds are protecting Flying-type Pokémon!</small><br></div><div class="spacer battle-history"><br></div><div class="battle-history"><small>The opposing Rotom-Fan restored a little HP using its Leftovers!</small><br></div><div class="spacer battle-history"><br></div><h2 class="battle-history">Turn 3</h2><div class="spacer battle-history"><br></div><div class="battle-history">Sorcoul, come back!<br></div><div class="battle-history">Go! Glowking-Salar (<strong>Slowking-Galar</strong>)!<br></div><div class="chat"><ul class="utilichart"><li class="result"><span class="col pokemonnamecol" style="white-space: nowrap">Slowking-Galar</span> <span class="col typecol"><img src="https://dragonheaven.herokuapp.com/sprites/types/Poison.png" alt="Poison" height="14" width="32"><img src="https://dragonheaven.herokuapp.com/sprites/types/Dark.png" alt="Dark" height="14" width="32"></span> <span style="float: left ; min-height: 26px"><span class="col abilitycol">Sturdy / Aftermath / Regenerator</span><span class="col abilitycol"></span></span></li><li style="clear: both"></li></ul></div><div class="chat"><ul class="utilichart"><li class="result"><span style="float: left ; min-height: 26px"><span class="col statcol"><em>HP</em><br>95</span> <span class="col statcol"><em>Atk</em><br>55</span> <span class="col statcol"><em>Def</em><br>100</span> <span class="col statcol"><em>SpA</em><br>110</span> <span class="col statcol"><em>SpD</em><br>100</span> <span class="col statcol"><em>Spe</em><br>30</span> </span></li><li style="clear: both"></li></ul></div><div class="spacer battle-history"><br></div><div class="battle-history">The opposing Rotom-Fan used <strong>Discharge</strong>!<br></div><div class="battle-history"><small>(Glowking-Salar lost <abbr title="−59/394">15.0%</abbr> of its health!)</small><br></div><div class="spacer battle-history"><br></div><div class="battle-history"><small>The opposing Rotom-Fan restored a little HP using its Leftovers!</small><br></div><div class="spacer battle-history"><br></div><h2 class="battle-history">Turn 4</h2><div class="spacer battle-history"><br></div><div class="battle-history">The opposing Rotom-Fan used <strong>Oblivion Wing</strong>!<br></div><div class="battle-history"><small>(Glowking-Salar lost <abbr title="−96/394">24.4%</abbr> of its health!)</small><br></div><div class="spacer battle-history"><br></div><div class="battle-history">Glowking-Salar used <strong>Corrosive Gas</strong>!<br></div><div class="battle-history"><small>Glowking-Salar corroded the opposing Rotom-Fan's Leftovers!</small><br></div><div class="spacer battle-history"><br></div><h2 class="battle-history">Turn 5</h2><div class="spacer battle-history"><br></div><div class="battle-history">Glowking-Salar, come back!<br></div><div class="battle-history">Go! Zarmanitan-Den (<strong>Darmanitan-Zen</strong>)!<br></div><div class="chat"><ul class="utilichart"><li class="result"><span class="col pokemonnamecol" style="white-space: nowrap">Darmanitan-Zen</span> <span class="col typecol"><img src="https://dragonheaven.herokuapp.com/sprites/types/Psychic.png" alt="Psychic" height="14" width="32"><img src="https://dragonheaven.herokuapp.com/sprites/types/Steel.png" alt="Steel" height="14" width="32"></span> <span style="float: left ; min-height: 26px"><span class="col abilitycol">Comatose</span><span class="col abilitycol"></span></span></li><li style="clear: both"></li></ul></div><div class="chat"><ul class="utilichart"><li class="result"><span style="float: left ; min-height: 26px"><span class="col statcol"><em>HP</em><br>125</span> <span class="col statcol"><em>Atk</em><br>60</span> <span class="col statcol"><em>Def</em><br>105</span> <span class="col statcol"><em>SpA</em><br>90</span> <span class="col statcol"><em>SpD</em><br>125</span> <span class="col statcol"><em>Spe</em><br>5</span> </span></li><li style="clear: both"></li></ul></div><div class="battle-history">[Zarmanitan-Den's Comatose]<br><small>Zarmanitan-Den is drowsing!</small><br></div><div class="spacer battle-history"><br></div><div class="battle-history">The opposing Rotom-Fan used <strong>Oblivion Wing</strong>!<br></div><div class="battle-history"><small>It's not very effective...</small><br></div><div class="battle-history"><small>(Zarmanitan-Den lost <abbr title="−30/454">6.6%</abbr> of its health!)</small><br></div><div class="spacer battle-history"><br></div><h2 class="battle-history">Turn 6</h2><div class="spacer battle-history"><br></div><div class="battle-history"><small>The mysterious strong winds have dissipated!</small><br></div><div class="spacer battle-history"><br></div><div class="battle-history">JosJet withdrew Rotom-Fan!<br></div><div class="battle-history">JosJet sent out <strong>Darmanitan</strong>!<br></div><div class="chat"><ul class="utilichart"><li class="result"><span class="col pokemonnamecol" style="white-space: nowrap">Darmanitan</span> <span class="col typecol"><img src="https://dragonheaven.herokuapp.com/sprites/types/Fire.png" alt="Fire" height="14" width="32"><img src="https://dragonheaven.herokuapp.com/sprites/types/Dark.png" alt="Dark" height="14" width="32"></span> <span style="float: left ; min-height: 26px"><span class="col abilitycol">Sheer Force / Strong Jaw</span><span class="col abilitycol"></span></span></li><li style="clear: both"></li></ul></div><div class="chat"><ul class="utilichart"><li class="result"><span style="float: left ; min-height: 26px"><span class="col statcol"><em>HP</em><br>105</span> <span class="col statcol"><em>Atk</em><br>140</span> <span class="col statcol"><em>Def</em><br>75</span> <span class="col statcol"><em>SpA</em><br>50</span> <span class="col statcol"><em>SpD</em><br>75</span> <span class="col statcol"><em>Spe</em><br>95</span> </span></li><li style="clear: both"></li></ul></div><div class="battle-history"><small>Pointed stones dug into the opposing Darmanitan!</small><br></div><div class="spacer battle-history"><br></div><div class="battle-history">Zarmanitan-Den used <strong>Doom Desire</strong>!<br></div><div class="battle-history"><small>Zarmanitan-Den chose Doom Desire as its destiny!</small><br></div><div class="spacer battle-history"><br></div><h2 class="battle-history">Turn 7</h2><div class="spacer battle-history"><br></div><div class="battle-history">Zarmanitan-Den used <strong>Protect</strong>!<br></div><div class="battle-history"><small>Zarmanitan-Den protected itself!</small><br></div><div class="spacer battle-history"><br></div><div class="battle-history">The opposing Darmanitan used <strong>Fire Fang</strong>!<br></div><div class="battle-history"><small>Zarmanitan-Den protected itself!</small><br></div><div class="spacer battle-history"><br></div><h2 class="battle-history">Turn 8</h2><div class="spacer battle-history"><br></div><div class="battle-history">Zarmanitan-Den, come back!<br></div><div class="battle-history">Go! Glowking-Salar (<strong>Slowking-Galar</strong>)!<br></div><div class="spacer battle-history"><br></div><div class="battle-history">The opposing Darmanitan used <strong>Fire Fang</strong>!<br></div><div class="battle-history"><small>(Glowking-Salar lost <abbr title="−150/394">38.1%</abbr> of its health!)</small><br></div><div class="spacer battle-history"><br></div><div class="battle-history"><small>The opposing Darmanitan took the Doom Desire attack!</small><br></div><div class="battle-history"><small>It's not very effective...</small><br></div><div class="battle-history"><small>(The opposing Darmanitan lost 25% of its health!)</small><br></div><div class="spacer battle-history"><br></div><h2 class="battle-history">Turn 9</h2><div class="spacer battle-history"><br></div><div class="battle-history">The opposing Darmanitan used <strong>Fire Fang</strong>!<br></div><div class="battle-history"><small>(Glowking-Salar lost <abbr title="−132/394">33.5%</abbr> of its health!)</small><br></div><div class="spacer battle-history"><br></div><div class="battle-history">Glowking-Salar used <strong>Slack Off</strong>!<br></div><div class="battle-history"><small>Glowking-Salar had its HP restored.</small><br></div><div class="spacer battle-history"><br></div><h2 class="battle-history">Turn 10</h2><div class="spacer battle-history"><br></div><div class="battle-history">The opposing Darmanitan used <strong>Fire Fang</strong>!<br></div><div class="battle-history"><small>(Glowking-Salar lost <abbr title="−132/394">33.5%</abbr> of its health!)</small><br></div><div class="spacer battle-history"><br></div><div class="battle-history">Glowking-Salar used <strong>Sludge Bomb</strong>!<br></div><div class="battle-history"><small>A critical hit!</small><br></div><div class="battle-history"><small>(The opposing Darmanitan lost 51% of its health!)</small><br></div><div class="spacer battle-history"><br></div><div class="battle-history">The opposing Darmanitan fainted!<br></div><div class="chat chatmessage-darkrairetribution mine"><strong style="color:#0f9554"><small>☆</small><span class="username" data-name="DarkraiRetribution">DarkraiRetribution</span>:</strong> <em>you mind if I invite</em></div><div class="chat chatmessage-darkrairetribution mine"><strong style="color:#0f9554"><small>☆</small><span class="username" data-name="DarkraiRetribution">DarkraiRetribution</span>:</strong> <em>someone?</em></div><div class="chat chatmessage-josjet"><strong style="color:#41b2b6"><small>☆</small><span class="username" data-name="JosJet">JosJet</span>:</strong> <em>I wouldn't mind!!</em></div><div class="chat chatmessage-darkrairetribution mine"><strong style="color:#0f9554"><small>☆</small><span class="username" data-name="DarkraiRetribution">DarkraiRetribution</span>:</strong> <em>thank you!</em></div><div class="chat chatmessage-josjet"><strong style="color:#41b2b6"><small>☆</small><span class="username" data-name="JosJet">JosJet</span>:</strong> <em>ofc :)</em></div><div class="spacer battle-history"><br></div><div class="battle-history">JosJet sent out <strong>Sandslash-Lustrous</strong>!<br></div><div class="battle-history"><small>Pointed stones dug into the opposing Sandslash-Lustrous!</small><br></div><div class="chat"><ul class="utilichart"><li class="result"><span class="col pokemonnamecol" style="white-space: nowrap">Sandslash-Lustrous</span> <span class="col typecol"><img src="https://dragonheaven.herokuapp.com/sprites/types/Ground.png" alt="Ground" height="14" width="32"><img src="https://dragonheaven.herokuapp.com/sprites/types/Fairy.png" alt="Fairy" height="14" width="32"></span> <span style="float: left ; min-height: 26px"><span class="col abilitycol">Sand Rush / Pixilate</span><span class="col abilitycol"></span></span></li><li style="clear: both"></li></ul></div><div class="chat"><ul class="utilichart"><li class="result"><span style="float: left ; min-height: 26px"><span class="col statcol"><em>HP</em><br>79</span> <span class="col statcol"><em>Atk</em><br>125</span> <span class="col statcol"><em>Def</em><br>75</span> <span class="col statcol"><em>SpA</em><br>69</span> <span class="col statcol"><em>SpD</em><br>85</span> <span class="col statcol"><em>Spe</em><br>97</span> </span></li><li style="clear: both"></li></ul></div><div class="spacer battle-history"><br></div><h2 class="battle-history">Turn 11</h2><div class="spacer battle-history"><br></div><div class="battle-history">Glowking-Salar, come back!<br></div><div class="battle-history">Go! Fotom-Ran (<strong>Rotom-Fan</strong>)!<br></div><div class="chat"><ul class="utilichart"><li class="result"><span class="col pokemonnamecol" style="white-space: nowrap">Rotom-Fan</span> <span class="col typecol"><img src="https://dragonheaven.herokuapp.com/sprites/types/Flying.png" alt="Flying" height="14" width="32"><img src="https://dragonheaven.herokuapp.com/sprites/types/Steel.png" alt="Steel" height="14" width="32"></span> <span style="float: left ; min-height: 26px"><span class="col abilitycol">Delta Stream</span><span class="col abilitycol"></span></span></li><li style="clear: both"></li></ul></div><div class="chat"><ul class="utilichart"><li class="result"><span style="float: left ; min-height: 26px"><span class="col statcol"><em>HP</em><br>100</span> <span class="col statcol"><em>Atk</em><br>65</span> <span class="col statcol"><em>Def</em><br>80</span> <span class="col statcol"><em>SpA</em><br>105</span> <span class="col statcol"><em>SpD</em><br>80</span> <span class="col statcol"><em>Spe</em><br>90</span> </span></li><li style="clear: both"></li></ul></div><div class="battle-history"><small>Pointed stones dug into Fotom-Ran!</small><br></div><div class="battle-history">[Fotom-Ran's Delta Stream]<br><small>Mysterious strong winds are protecting Flying-type Pokémon!</small><br></div><div class="spacer battle-history"><br></div><div class="battle-history">The opposing Sandslash-Lustrous used <strong>Rapid Spin</strong>!<br></div><div class="battle-history"><small>It's not very effective...</small><br></div><div class="battle-history"><small>(Fotom-Ran lost <abbr title="−44/404">10.9%</abbr> of its health!)</small><br></div><div class="battle-history"><small>The opposing Sandslash-Lustrous's Speed rose!</small><br></div><div class="battle-history"><small>The pointed stones disappeared from around the opposing team!</small><br></div><div class="spacer battle-history"><br></div><div class="battle-history"><small>The opposing Sandslash-Lustrous restored a little HP using its Leftovers!</small><br></div><div class="battle-history"><small>Fotom-Ran restored a little HP using its Leftovers!</small><br></div><div class="spacer battle-history"><br></div><h2 class="battle-history">Turn 12</h2><div class="chat"><div class="message"><ul class="utilichart"><li class="result"><span class="col numcol">Alternatium</span> <span class="col iconcol"><span class="picon" style="background: transparent url(&quot;https://play.pokemonshowdown.com/sprites/pokemonicons-sheet.png?v4&quot;) no-repeat scroll -0px -1620px"></span></span> <span class="col pokemonnamecol" style="white-space: nowrap"><a href="https://dex.pokemonshowdown.com/pokemon/meloetta" target="_blank" rel="noopener">Meloetta</a></span> <span class="col typecol"><img src="https://dragonheaven.herokuapp.com/sprites/types/Normal.png" alt="Normal" height="14" width="32"><img src="https://dragonheaven.herokuapp.com/sprites/types/Psychic.png" alt="Psychic" height="14" width="32"></span> <span style="float: left ; min-height: 26px"><span class="col twoabilitycol">Serene Grace<br>Misty Coat</span><span class="col abilitycol"><em>Pressure</em></span></span><span style="float: left ; min-height: 26px"><span class="col statcol"><em>HP</em><br>89</span> <span class="col statcol"><em>Atk</em><br>87</span> <span class="col statcol"><em>Def</em><br>77</span> <span class="col statcol"><em>SpA</em><br>128</span> <span class="col statcol"><em>SpD</em><br>128</span> <span class="col statcol"><em>Spe</em><br>91</span> <span class="col bstcol"><em>BST<br>600</em></span> </span></li><li style="clear: both"></li></ul></div></div><div class="chat"><font size="1"><font color="#686868">Dex#:</font> 648&nbsp;|  <font color="#686868">Gen:</font> 5&nbsp;|  <font color="#686868">Height:</font> 0.6 m&nbsp;|  <font color="#686868">Weight:</font> 6.5 kg <em>(20 BP)</em>&nbsp;|  <font color="#686868">Egg Group(s):</font> Undiscovered&nbsp;|  <font color="#686868">Does Not Evolve</font></font></div><div class="spacer battle-history"><br></div><div class="battle-history">JosJet withdrew Sandslash-Lustrous!<br></div><div class="battle-history">JosJet sent out Castform-Thunderst (<strong>Castform-Thunderstorm</strong>)!<br></div><div class="chat"><ul class="utilichart"><li class="result"><span class="col pokemonnamecol" style="white-space: nowrap">Castform-Thunderstorm</span> <span class="col typecol"><img src="https://dragonheaven.herokuapp.com/sprites/types/Water.png" alt="Water" height="14" width="32"><img src="https://dragonheaven.herokuapp.com/sprites/types/Electric.png" alt="Electric" height="14" width="32"></span> <span style="float: left ; min-height: 26px"><span class="col abilitycol">Levitate / Water Absorb / Sharpshooter</span><span class="col abilitycol"></span></span></li><li style="clear: both"></li></ul></div><div class="chat"><ul class="utilichart"><li class="result"><span style="float: left ; min-height: 26px"><span class="col statcol"><em>HP</em><br>75</span> <span class="col statcol"><em>Atk</em><br>80</span> <span class="col statcol"><em>Def</em><br>70</span> <span class="col statcol"><em>SpA</em><br>100</span> <span class="col statcol"><em>SpD</em><br>110</span> <span class="col statcol"><em>Spe</em><br>115</span> </span></li><li style="clear: both"></li></ul></div><div class="spacer battle-history"><br></div><div class="battle-history">Fotom-Ran used <strong>Toxic</strong>!<br></div><div class="battle-history"><small>The opposing Castform-Thunderst was badly poisoned!</small><br></div><div class="spacer battle-history"><br></div><div class="battle-history"><small>Fotom-Ran restored a little HP using its Leftovers!</small><br></div><div class="battle-history"><small>The opposing Castform-Thunderst was hurt by poison!</small><br></div><div class="spacer battle-history"><br></div><h2 class="battle-history">Turn 13</h2><div class="spacer battle-history"><br></div><div class="battle-history"><small>The mysterious strong winds have dissipated!</small><br></div><div class="spacer battle-history"><br></div><div class="battle-history">Fotom-Ran, come back!<br></div><div class="battle-history">Go! <strong>Morpeko-Marsh</strong>!<br></div><div class="chat"><ul class="utilichart"><li class="result"><span class="col pokemonnamecol" style="white-space: nowrap">Morpeko-Marsh</span> <span class="col typecol"><img src="https://dragonheaven.herokuapp.com/sprites/types/Grass.png" alt="Grass" height="14" width="32"><img src="https://dragonheaven.herokuapp.com/sprites/types/Dark.png" alt="Dark" height="14" width="32"></span> <span style="float: left ; min-height: 26px"><span class="col abilitycol">Strong Jaw / Wash Up</span><span class="col abilitycol"></span></span></li><li style="clear: both"></li></ul></div><div class="chat"><ul class="utilichart"><li class="result"><span style="float: left ; min-height: 26px"><span class="col statcol"><em>HP</em><br>80</span> <span class="col statcol"><em>Atk</em><br>100</span> <span class="col statcol"><em>Def</em><br>95</span> <span class="col statcol"><em>SpA</em><br>50</span> <span class="col statcol"><em>SpD</em><br>115</span> <span class="col statcol"><em>Spe</em><br>110</span> </span></li><li style="clear: both"></li></ul></div><div class="battle-history"><small>Fire's power was weakened!</small><br></div><div class="spacer battle-history"><br></div><div class="battle-history">The opposing Castform-Thunderst used <strong>Flamethrower</strong>!<br></div><div class="battle-history"><small>It's super effective!</small><br></div><div class="battle-history"><small>(Morpeko-Marsh lost <abbr title="−50/364">13.7%</abbr> of its health!)</small><br></div><div class="spacer battle-history"><br></div><div class="battle-history"><small>The opposing Castform-Thunderst was hurt by poison!</small><br></div><div class="spacer battle-history"><br></div><h2 class="battle-history">Turn 14</h2><div class="spacer battle-history"><br></div><div class="battle-history">JosJet withdrew Castform-Thunderst!<br></div><div class="battle-history">JosJet sent out <strong>Rotom-Fan</strong>!<br></div><div class="battle-history">[The opposing Rotom-Fan's Delta Stream]<br><small>Mysterious strong winds are protecting Flying-type Pokémon!</small><br></div><div class="spacer battle-history"><br></div><div class="battle-history">Morpeko-Marsh used <strong>Knock Off</strong>!<br></div><div class="battle-history"><small>(The opposing Rotom-Fan lost 20% of its health!)</small><br></div><div class="spacer battle-history"><br></div><h2 class="battle-history">Turn 15</h2><div class="spacer battle-history"><br></div><div class="battle-history">Morpeko-Marsh, come back!<br></div><div class="battle-history">Go! Torom (<strong>Rotom</strong>)!<br></div><div class="chat"><ul class="utilichart"><li class="result"><span class="col pokemonnamecol" style="white-space: nowrap">Rotom</span> <span class="col typecol"><img src="https://dragonheaven.herokuapp.com/sprites/types/Electric.png" alt="Electric" height="14" width="32"><img src="https://dragonheaven.herokuapp.com/sprites/types/Ghost.png" alt="Ghost" height="14" width="32"></span> <span style="float: left ; min-height: 26px"><span class="col abilitycol">Levitate / Prankster / Speed Boost</span><span class="col abilitycol"></span></span></li><li style="clear: both"></li></ul></div><div class="chat"><ul class="utilichart"><li class="result"><span style="float: left ; min-height: 26px"><span class="col statcol"><em>HP</em><br>50</span> <span class="col statcol"><em>Atk</em><br>55</span> <span class="col statcol"><em>Def</em><br>105</span> <span class="col statcol"><em>SpA</em><br>97</span> <span class="col statcol"><em>SpD</em><br>105</span> <span class="col statcol"><em>Spe</em><br>90</span> </span></li><li style="clear: both"></li></ul></div><div class="battle-history"><small>Pointed stones dug into Torom!</small><br></div><div class="spacer battle-history"><br></div><div class="battle-history">The opposing Rotom-Fan used <strong>Discharge</strong>!<br></div><div class="battle-history"><small>It's not very effective...</small><br></div><div class="battle-history"><small>(Torom lost <abbr title="−16/303">5.3%</abbr> of its health!)</small><br></div><div class="spacer battle-history"><br></div><h2 class="battle-history">Turn 16</h2><div class="spacer battle-history"><br></div><div class="battle-history">The opposing Rotom-Fan used <strong>Volt Switch</strong>!<br></div><div class="battle-history"><small>It's not very effective...</small><br></div><div class="battle-history"><small>(Torom lost <abbr title="−13/303">4.3%</abbr> of its health!)</small><br></div><div class="spacer battle-history"><br></div><div class="battle-history"><small>The mysterious strong winds have dissipated!</small><br></div><div class="spacer battle-history"><br></div><div class="battle-history">The opposing Rotom-Fan went back to JosJet!<br></div><div class="battle-history">JosJet sent out <strong>Slowbro</strong>!<br></div><div class="spacer battle-history"><br></div><div class="battle-history">Torom used <strong>Defog</strong>!<br></div><div class="battle-history"><small>The opposing Slowbro's evasiveness fell!</small><br></div><div class="battle-history"><small>The pointed stones disappeared from around your team!</small><br></div><div class="spacer battle-history"><br></div><div class="battle-history"><small>The opposing Slowbro restored a little HP using its Leftovers!</small><br></div><div class="spacer battle-history"><br></div><h2 class="battle-history">Turn 17</h2><div class="chat chatmessage-darkrairetribution highlighted mine"><span class="message-log">Farce Of The Death was invited (and promoted to Room Voice) by DarkraiRetribution.</span></div><div class="spacer battle-history"><br></div><div class="battle-history">Torom used <strong>Toxic</strong>!<br></div><div class="battle-history"><small>The opposing Slowbro was badly poisoned!</small><br></div><div class="spacer battle-history"><br></div><div class="battle-history">The opposing Slowbro used <strong>Teleport</strong>!<br></div><div class="spacer battle-history"><br></div><div class="battle-history">JosJet withdrew Slowbro!<br></div><div class="battle-history">JosJet sent out <strong>Sandslash-Lustrous</strong>!<br></div><div class="spacer battle-history"><br></div><div class="battle-history"><small>The effects of Water Sport have faded.</small><br></div><div class="spacer battle-history"><br></div><h2 class="battle-history">Turn 18</h2><div class="spacer battle-history"><br></div><div class="battle-history">Torom, come back!<br></div><div class="battle-history">Go! Fotom-Ran (<strong>Rotom-Fan</strong>)!<br></div><div class="battle-history">[Fotom-Ran's Delta Stream]<br><small>Mysterious strong winds are protecting Flying-type Pokémon!</small><br></div><div class="spacer battle-history"><br></div><div class="battle-history">The opposing Sandslash-Lustrous used <strong>Rapid Spin</strong>!<br></div><div class="battle-history"><small>It's not very effective...</small><br></div><div class="battle-history"><small>(Fotom-Ran lost <abbr title="−40/404">9.9%</abbr> of its health!)</small><br></div><div class="battle-history"><small>The opposing Sandslash-Lustrous's Speed rose!</small><br></div><div class="spacer battle-history"><br></div><div class="battle-history"><small>Fotom-Ran restored a little HP using its Leftovers!</small><br></div><div class="spacer battle-history"><br></div><h2 class="battle-history">Turn 19</h2><div class="spacer battle-history"><br></div><div class="battle-history">The opposing Sandslash-Lustrous used <strong>Swords Dance</strong>!<br></div><div class="battle-history"><small>The opposing Sandslash-Lustrous's Attack rose sharply!</small><br></div><div class="spacer battle-history"><br></div><div class="battle-history">Fotom-Ran used <strong>Oblivion Wing</strong>!<br></div><div class="battle-history"><small>(The opposing Sandslash-Lustrous lost 37% of its health!)</small><br></div><div class="battle-history"><small>The opposing Sandslash-Lustrous had its energy drained!</small><br></div><div class="spacer battle-history"><br></div><div class="battle-history"><small>The opposing Sandslash-Lustrous restored a little HP using its Leftovers!</small><br></div><div class="spacer battle-history"><br></div><h2 class="battle-history">Turn 20</h2><div class="chat"><small>+Farce Of The Death joined</small></div><div class="spacer battle-history"><br></div><div class="battle-history">JosJet withdrew Sandslash-Lustrous!<br></div><div class="battle-history">JosJet sent out <strong>Slowbro</strong>!<br></div><div class="spacer battle-history"><br></div><div class="battle-history">Fotom-Ran used <strong>Oblivion Wing</strong>!<br></div><div class="battle-history"><small>(The opposing Slowbro lost 42% of its health!)</small><br></div><div class="spacer battle-history"><br></div><div class="battle-history"><small>The opposing Slowbro restored a little HP using its Leftovers!</small><br></div><div class="battle-history"><small>The opposing Slowbro was hurt by poison!</small><br></div><div class="spacer battle-history"><br></div><h2 class="battle-history">Turn 21</h2><div class="spacer battle-history"><br></div><div class="battle-history">Fotom-Ran used <strong>Oblivion Wing</strong>!<br></div><div class="battle-history"><small>(The opposing Slowbro lost 34% of its health!)</small><br></div><div class="spacer battle-history"><br></div><div class="battle-history">The opposing Slowbro fainted!<br></div><div class="spacer battle-history"><br></div><div class="battle-history">JosJet sent out Castform-Thunderst (<strong>Castform-Thunderstorm</strong>)!<br></div><div class="spacer battle-history"><br></div><h2 class="battle-history">Turn 22</h2><div class="spacer battle-history"><br></div><div class="battle-history"><small>The mysterious strong winds have dissipated!</small><br></div><div class="spacer battle-history"><br></div><div class="battle-history">Fotom-Ran, come back!<br></div><div class="battle-history">Go! Torom (<strong>Rotom</strong>)!<br></div><div class="spacer battle-history"><br></div><div class="battle-history">The opposing Castform-Thunderst used <strong>Flamethrower</strong>!<br></div><div class="battle-history"><small>(Torom lost <abbr title="−41/303">13.5%</abbr> of its health!)</small><br></div><div class="spacer battle-history"><br></div><div class="battle-history"><small>The opposing Castform-Thunderst was hurt by poison!</small><br></div><div class="spacer battle-history"><br></div><h2 class="battle-history">Turn 23</h2><div class="spacer battle-history"><br></div><div class="battle-history">The opposing Castform-Thunderst used <strong>Hydro Pump</strong>!<br></div><div class="battle-history"><small>Torom avoided the attack!</small><br></div><div class="spacer battle-history"><br></div><div class="battle-history">Torom used <strong>Recover</strong>!<br></div><div class="battle-history"><small>Torom had its HP restored.</small><br></div><div class="spacer battle-history"><br></div><div class="battle-history"><small>The opposing Castform-Thunderst was hurt by poison!</small><br></div><div class="spacer battle-history"><br></div><h2 class="battle-history">Turn 24</h2><div class="chat chatmessage-darkrairetribution mine"><strong style="color:#0f9554"><small>☆</small><span class="username" data-name="DarkraiRetribution">DarkraiRetribution</span>:</strong> <em>mb</em></div><div class="spacer battle-history"><br></div><div class="battle-history">JosJet withdrew Castform-Thunderst!<br></div><div class="battle-history">JosJet sent out <strong>Sandslash-Lustrous</strong>!<br></div><div class="spacer battle-history"><br></div><div class="battle-history">Torom used <strong>Hex</strong>!<br></div><div class="battle-history"><small>A critical hit!</small><br></div><div class="battle-history"><small>(The opposing Sandslash-Lustrous lost 44% of its health!)</small><br></div><div class="spacer battle-history"><br></div><div class="battle-history"><small>The opposing Sandslash-Lustrous restored a little HP using its Leftovers!</small><br></div><div class="spacer battle-history"><br></div><h2 class="battle-history">Turn 25</h2><div class="chat chatmessage-darkrairetribution mine"><strong style="color:#0f9554"><small>☆</small><span class="username" data-name="DarkraiRetribution">DarkraiRetribution</span>:</strong> <em>b</em></div><div class="chat chatmessage-darkrairetribution mine"><strong style="color:#0f9554"><small>☆</small><span class="username" data-name="DarkraiRetribution">DarkraiRetribution</span>:</strong> <em>mb*</em></div><div class="spacer battle-history"><br></div><div class="battle-history">JosJet withdrew Sandslash-Lustrous!<br></div><div class="battle-history">JosJet sent out <strong>Meloetta</strong>!<br></div><div class="chat"><ul class="utilichart"><li class="result"><span class="col pokemonnamecol" style="white-space: nowrap">Meloetta</span> <span class="col typecol"><img src="https://dragonheaven.herokuapp.com/sprites/types/Normal.png" alt="Normal" height="14" width="32"><img src="https://dragonheaven.herokuapp.com/sprites/types/Psychic.png" alt="Psychic" height="14" width="32"></span> <span style="float: left ; min-height: 26px"><span class="col abilitycol">Serene Grace / Misty Coat / Pressure</span><span class="col abilitycol"></span></span></li><li style="clear: both"></li></ul></div><div class="chat"><ul class="utilichart"><li class="result"><span style="float: left ; min-height: 26px"><span class="col statcol"><em>HP</em><br>89</span> <span class="col statcol"><em>Atk</em><br>87</span> <span class="col statcol"><em>Def</em><br>77</span> <span class="col statcol"><em>SpA</em><br>128</span> <span class="col statcol"><em>SpD</em><br>128</span> <span class="col statcol"><em>Spe</em><br>91</span> </span></li><li style="clear: both"></li></ul></div><div class="spacer battle-history"><br></div><div class="battle-history">Torom, come back!<br></div><div class="battle-history">Go! Fotom-Ran (<strong>Rotom-Fan</strong>)!<br></div><div class="battle-history">[Fotom-Ran's Delta Stream]<br><small>Mysterious strong winds are protecting Flying-type Pokémon!</small><br></div><div class="spacer battle-history"><br></div><h2 class="battle-history">Turn 26</h2><div class="spacer battle-history"><br></div><div class="battle-history">The opposing Meloetta used <strong>U-turn</strong>!<br></div><div class="battle-history"><small>It's not very effective...</small><br></div><div class="battle-history"><small>(Fotom-Ran lost <abbr title="−8/404">2.0%</abbr> of its health!)</small><br></div><div class="spacer battle-history"><br></div><div class="battle-history">The opposing Meloetta went back to JosJet!<br></div><div class="battle-history">JosJet sent out <strong>Rotom-Fan</strong>!<br></div><div class="spacer battle-history"><br></div><div class="battle-history">Fotom-Ran used <strong>Toxic</strong>!<br></div><div class="battle-history"><small>The opposing Rotom-Fan avoided the attack!</small><br></div><div class="spacer battle-history"><br></div><div class="battle-history"><small>Fotom-Ran restored a little HP using its Leftovers!</small><br></div><div class="spacer battle-history"><br></div><h2 class="battle-history">Turn 27</h2><div class="spacer battle-history"><br></div><div class="battle-history">Fotom-Ran, come back!<br></div><div class="battle-history">Go! <strong>Morpeko-Marsh</strong>!<br></div><div class="battle-history"><small>Fire's power was weakened!</small><br></div><div class="spacer battle-history"><br></div><div class="battle-history">The opposing Rotom-Fan used <strong>Discharge</strong>!<br></div><div class="battle-history"><small>It's not very effective...</small><br></div><div class="battle-history"><small>(Morpeko-Marsh lost <abbr title="−23/364">6.3%</abbr> of its health!)</small><br></div><div class="spacer battle-history"><br></div><h2 class="battle-history">Turn 28</h2><div class="spacer battle-history"><br></div><div class="battle-history">Morpeko-Marsh used <strong>Spikes</strong>!<br></div><div class="battle-history"><small>Spikes were scattered on the ground all around the opposing team!</small><br></div><div class="spacer battle-history"><br></div><div class="battle-history">The opposing Rotom-Fan used <strong>Oblivion Wing</strong>!<br></div><div class="battle-history"><small>It's super effective!</small><br></div><div class="battle-history"><small>(Morpeko-Marsh lost <abbr title="−140/364">38.5%</abbr> of its health!)</small><br></div><div class="battle-history"><small>Morpeko-Marsh had its energy drained!</small><br></div><div class="spacer battle-history"><br></div><h2 class="battle-history">Turn 29</h2><div class="spacer battle-history"><br></div><div class="battle-history">Morpeko-Marsh used <strong>Recover</strong>!<br></div><div class="battle-history"><small>Morpeko-Marsh had its HP restored.</small><br></div><div class="spacer battle-history"><br></div><div class="battle-history">The opposing Rotom-Fan used <strong>Oblivion Wing</strong>!<br></div><div class="battle-history"><small>It's super effective!</small><br></div><div class="battle-history"><small>(Morpeko-Marsh lost <abbr title="−144/364">39.6%</abbr> of its health!)</small><br></div><div class="spacer battle-history"><br></div><h2 class="battle-history">Turn 30</h2><div class="spacer battle-history"><br></div><div class="battle-history">Morpeko-Marsh used <strong>Recover</strong>!<br></div><div class="battle-history"><small>Morpeko-Marsh had its HP restored.</small><br></div><div class="spacer battle-history"><br></div><div class="battle-history">The opposing Rotom-Fan used <strong>Oblivion Wing</strong>!<br></div><div class="battle-history"><small>It's super effective!</small><br></div><div class="battle-history"><small>(Morpeko-Marsh lost <abbr title="−150/364">41.2%</abbr> of its health!)</small><br></div><div class="spacer battle-history"><br></div><h2 class="battle-history">Turn 31</h2><div class="spacer battle-history"><br></div><div class="battle-history">Morpeko-Marsh, come back!<br></div><div class="battle-history">Go! Zarmanitan-Den (<strong>Darmanitan-Zen</strong>)!<br></div><div class="battle-history">[Zarmanitan-Den's Comatose]<br><small>Zarmanitan-Den is drowsing!</small><br></div><div class="spacer battle-history"><br></div><div class="battle-history">The opposing Rotom-Fan used <strong>Oblivion Wing</strong>!<br></div><div class="battle-history"><small>It's not very effective...</small><br></div><div class="battle-history"><small>(Zarmanitan-Den lost <abbr title="−32/454">7.0%</abbr> of its health!)</small><br></div><div class="spacer battle-history"><br></div><div class="battle-history"><small>The effects of Water Sport have faded.</small><br></div><div class="spacer battle-history"><br></div><h2 class="battle-history">Turn 32</h2><div class="spacer battle-history"><br></div><div class="battle-history">The opposing Rotom-Fan used <strong>Volt Switch</strong>!<br></div><div class="battle-history"><small>(Zarmanitan-Den lost <abbr title="−37/454">8.1%</abbr> of its health!)</small><br></div><div class="spacer battle-history"><br></div><div class="battle-history"><small>The mysterious strong winds have dissipated!</small><br></div><div class="spacer battle-history"><br></div><div class="battle-history">The opposing Rotom-Fan went back to JosJet!<br></div><div class="battle-history">JosJet sent out Castform-Thunderst (<strong>Castform-Thunderstorm</strong>)!<br></div><div class="spacer battle-history"><br></div><div class="battle-history">Zarmanitan-Den used <strong>Doom Desire</strong>!<br></div><div class="battle-history"><small>Zarmanitan-Den chose Doom Desire as its destiny!</small><br></div><div class="spacer battle-history"><br></div><div class="battle-history"><small>The opposing Castform-Thunderst was hurt by poison!</small><br></div><div class="spacer battle-history"><br></div><h2 class="battle-history">Turn 33</h2><div class="spacer battle-history"><br></div><div class="battle-history">Zarmanitan-Den used <strong>Protect</strong>!<br></div><div class="battle-history"><small>Zarmanitan-Den protected itself!</small><br></div><div class="spacer battle-history"><br></div><div class="battle-history">The opposing Castform-Thunderst used <strong>Hydro Pump</strong>!<br></div><div class="battle-history"><small>Zarmanitan-Den protected itself!</small><br></div><div class="spacer battle-history"><br></div><div class="battle-history"><small>The opposing Castform-Thunderst was hurt by poison!</small><br></div><div class="spacer battle-history"><br></div><h2 class="battle-history">Turn 34</h2><div class="spacer battle-history"><br></div><div class="battle-history">The opposing Castform-Thunderst used <strong>Flamethrower</strong>!<br></div><div class="battle-history"><small>It's super effective!</small><br></div><div class="battle-history"><small>(Zarmanitan-Den lost <abbr title="−146/454">32.2%</abbr> of its health!)</small><br></div><div class="spacer battle-history"><br></div><div class="battle-history">Zarmanitan-Den used <strong>Wish</strong>!<br></div><div class="spacer battle-history"><br></div><div class="battle-history"><small>The opposing Castform-Thunderst took the Doom Desire attack!</small><br></div><div class="battle-history"><small>It's not very effective...</small><br></div><div class="battle-history"><small>(The opposing Castform-Thunderst lost 12% of its health!)</small><br></div><div class="battle-history"><small>The opposing Castform-Thunderst was hurt by poison!</small><br></div><div class="spacer battle-history"><br></div><h2 class="battle-history">Turn 35</h2><div class="spacer battle-history"><br></div><div class="battle-history">Zarmanitan-Den used <strong>Protect</strong>!<br></div><div class="battle-history"><small>Zarmanitan-Den protected itself!</small><br></div><div class="spacer battle-history"><br></div><div class="battle-history">The opposing Castform-Thunderst used <strong>Flamethrower</strong>!<br></div><div class="battle-history"><small>Zarmanitan-Den protected itself!</small><br></div><div class="spacer battle-history"><br></div><div class="battle-history"><small>Zarmanitan-Den's wish came true!</small><br></div><div class="battle-history"><small>The opposing Castform-Thunderst was hurt by poison!</small><br></div><div class="spacer battle-history"><br></div><div class="battle-history">The opposing Castform-Thunderst fainted!<br></div><div class="spacer battle-history"><br></div><div class="battle-history">JosJet sent out <strong>Sandslash-Lustrous</strong>!<br></div><div class="battle-history"><small>The opposing Sandslash-Lustrous was hurt by the spikes!</small><br></div><div class="spacer battle-history"><br></div><h2 class="battle-history">Turn 36</h2><div class="spacer battle-history"><br></div><div class="battle-history">Zarmanitan-Den, come back!<br></div><div class="battle-history">Go! Fotom-Ran (<strong>Rotom-Fan</strong>)!<br></div><div class="battle-history">[Fotom-Ran's Delta Stream]<br><small>Mysterious strong winds are protecting Flying-type Pokémon!</small><br></div><div class="spacer battle-history"><br></div><div class="battle-history">The opposing Sandslash-Lustrous used <strong>Swords Dance</strong>!<br></div><div class="battle-history"><small>The opposing Sandslash-Lustrous's Attack rose sharply!</small><br></div><div class="spacer battle-history"><br></div><div class="battle-history"><small>The opposing Sandslash-Lustrous restored a little HP using its Leftovers!</small><br></div><div class="spacer battle-history"><br></div><h2 class="battle-history">Turn 37</h2><div class="spacer battle-history"><br></div><div class="battle-history">The opposing Sandslash-Lustrous used <strong>Facade</strong>!<br></div><div class="battle-history"><small>It's not very effective...</small><br></div><div class="battle-history"><small>(Fotom-Ran lost <abbr title="−126/404">31.2%</abbr> of its health!)</small><br></div><div class="spacer battle-history"><br></div><div class="battle-history">Fotom-Ran used <strong>Oblivion Wing</strong>!<br></div><div class="battle-history"><small>(The opposing Sandslash-Lustrous lost 24% of its health!)</small><br></div><div class="battle-history"><small>The opposing Sandslash-Lustrous had its energy drained!</small><br></div><div class="spacer battle-history"><br></div><div class="battle-history">The opposing Sandslash-Lustrous fainted!<br></div><div class="spacer battle-history"><br></div><div class="battle-history"><small>Fotom-Ran restored a little HP using its Leftovers!</small><br></div><div class="spacer battle-history"><br></div><div class="battle-history">JosJet sent out <strong>Rotom-Fan</strong>!<br></div><div class="spacer battle-history"><br></div><h2 class="battle-history">Turn 38</h2><div class="spacer battle-history"><br></div><div class="battle-history">Fotom-Ran, come back!<br></div><div class="battle-history">Go! Torom (<strong>Rotom</strong>)!<br></div><div class="spacer battle-history"><br></div><div class="battle-history">The opposing Rotom-Fan used <strong>Discharge</strong>!<br></div><div class="battle-history"><small>It's not very effective...</small><br></div><div class="battle-history"><small>(Torom lost <abbr title="−16/303">5.3%</abbr> of its health!)</small><br></div><div class="spacer battle-history"><br></div><h2 class="battle-history">Turn 39</h2><div class="spacer battle-history"><br></div><div class="battle-history">The opposing Rotom-Fan used <strong>Volt Switch</strong>!<br></div><div class="battle-history"><small>It's not very effective...</small><br></div><div class="battle-history"><small>(Torom lost <abbr title="−14/303">4.6%</abbr> of its health!)</small><br></div><div class="chat chatmessage-darkrairetribution highlighted mine"><span class="message-log">DarkraiRetribution made this room public.</span></div><div class="chat"><small>~DuoM2 joined</small></div><div class="chat"><div class="broadcast-blue"><strong>This room is no longer invite only!</strong><br>Anyone may now join.</div></div><div class="chat chatmessage-josjet"><span class="message-log">JosJet turned off modjoin.</span></div><div class="spacer battle-history"><br></div><div class="battle-history"><small>The mysterious strong winds have dissipated!</small><br></div><div class="spacer battle-history"><br></div><div class="battle-history">The opposing Rotom-Fan went back to JosJet!<br></div><div class="battle-history">JosJet sent out <strong>Meloetta</strong>!<br></div><div class="battle-history"><small>The opposing Meloetta was hurt by the spikes!</small><br></div><div class="spacer battle-history"><br></div><div class="battle-history">Torom used <strong>Hex</strong>!<br></div><div class="battle-history"><small>It doesn't affect the opposing Meloetta...</small><br></div><div class="spacer battle-history"><br></div><div class="battle-history"><small>The opposing Meloetta restored a little HP using its Leftovers!</small><br></div><div class="spacer battle-history"><br></div><h2 class="battle-history">Turn 40</h2><div class="spacer battle-history"><br></div><div class="battle-history">The opposing Meloetta used <strong>U-turn</strong>!<br></div><div class="battle-history"><small>It's not very effective...</small><br></div><div class="battle-history"><small>(Torom lost 4% of its health!)</small><br></div><div class="chat"><small>+Gekokeso joined</small></div><div class="spacer battle-history"><br></div><div class="battle-history">The opposing Meloetta went back to JosJet!<br></div><div class="battle-history">JosJet sent out <strong>Rotom-Fan</strong>!<br></div><div class="battle-history">[The opposing Rotom-Fan's Delta Stream]<br><small>Mysterious strong winds are protecting Flying-type Pokémon!</small><br></div><div class="spacer battle-history"><br></div><div class="battle-history">Torom used <strong>Toxic</strong>!<br></div><div class="battle-history"><small>It doesn't affect the opposing Rotom-Fan...</small><br></div><div class="spacer battle-history"><br></div><h2 class="battle-history">Turn 41</h2><div class="spacer battle-history"><br></div><div class="battle-history">The opposing Rotom-Fan used <strong>Discharge</strong>!<br></div><div class="battle-history"><small>It's not very effective...</small><br></div><div class="battle-history"><small>(Torom lost 5% of its health!)</small><br></div><div class="spacer battle-history"><br></div><div class="battle-history">Torom used <strong>Toxic</strong>!<br></div><div class="battle-history"><small>It doesn't affect the opposing Rotom-Fan...</small><br></div><div class="spacer battle-history"><br></div><h2 class="battle-history">Turn 42</h2><div class="spacer battle-history"><br></div><div class="battle-history">The opposing Rotom-Fan used <strong>Discharge</strong>!<br></div><div class="battle-history"><small>It's not very effective...</small><br></div><div class="battle-history"><small>(Torom lost 4% of its health!)</small><br></div><div class="spacer battle-history"><br></div><div class="battle-history">Torom used <strong>Toxic</strong>!<br></div><div class="battle-history"><small>It doesn't affect the opposing Rotom-Fan...</small><br></div><div class="spacer battle-history"><br></div><h2 class="battle-history">Turn 43</h2><div class="spacer battle-history"><br></div><div class="battle-history">The opposing Rotom-Fan used <strong>Discharge</strong>!<br></div><div class="battle-history"><small>It's not very effective...</small><br></div><div class="battle-history"><small>(Torom lost 6% of its health!)</small><br></div><div class="spacer battle-history"><br></div><div class="battle-history">Torom used <strong>Toxic</strong>!<br></div><div class="battle-history"><small>It doesn't affect the opposing Rotom-Fan...</small><br></div><div class="spacer battle-history"><br></div><h2 class="battle-history">Turn 44</h2><div class="spacer battle-history"><br></div><div class="battle-history">Torom used <strong>Recover</strong>!<br></div><div class="battle-history"><small>Torom had its HP restored.</small><br></div><div class="spacer battle-history"><br></div><div class="battle-history">The opposing Rotom-Fan used <strong>Volt Switch</strong>!<br></div><div class="battle-history"><small>It's not very effective...</small><br></div><div class="battle-history"><small>(Torom lost 4% of its health!)</small><br></div><div class="spacer battle-history"><br></div><div class="battle-history"><small>The mysterious strong winds have dissipated!</small><br></div><div class="spacer battle-history"><br></div><div class="battle-history">The opposing Rotom-Fan went back to JosJet!<br></div><div class="battle-history">JosJet sent out <strong>Meloetta</strong>!<br></div><div class="battle-history"><small>The opposing Meloetta was hurt by the spikes!</small><br></div><div class="spacer battle-history"><br></div><div class="battle-history"><small>The opposing Meloetta restored a little HP using its Leftovers!</small><br></div><div class="spacer battle-history"><br></div><h2 class="battle-history">Turn 45</h2><div class="spacer battle-history"><br></div><div class="battle-history">JosJet withdrew Meloetta!<br></div><div class="battle-history">JosJet sent out <strong>Rotom-Fan</strong>!<br></div><div class="battle-history">[The opposing Rotom-Fan's Delta Stream]<br><small>Mysterious strong winds are protecting Flying-type Pokémon!</small><br></div><div class="spacer battle-history"><br></div><div class="battle-history">Torom, come back!<br></div><div class="battle-history">Go! Sorcoul (<strong>Corsoul</strong>)!<br></div><div class="spacer battle-history"><br></div><h2 class="battle-history">Turn 46</h2><div class="spacer battle-history"><br></div><div class="battle-history">The opposing Rotom-Fan used <strong>Discharge</strong>!<br></div><div class="battle-history"><small>It's super effective!</small><br></div><div class="battle-history"><small>(Sorcoul lost 31% of its health!)</small><br></div><div class="battle-history">[Sorcoul's Liquid Scales]<br><small>Sorcoul had its HP restored.</small><br></div><div class="spacer battle-history"><br></div><div class="battle-history">Sorcoul used <strong>Stealth Rock</strong>!<br></div><div class="battle-history"><small>Pointed stones float in the air around the opposing team!</small><br></div><div class="spacer battle-history"><br></div><h2 class="battle-history">Turn 47</h2><div class="spacer battle-history"><br></div><div class="battle-history">The opposing Rotom-Fan used <strong>Defog</strong>!<br></div><div class="battle-history"><small>Sorcoul's evasiveness fell!</small><br></div><div class="battle-history"><small>The spikes disappeared from the ground around the opposing team!</small><br></div><div class="battle-history"><small>The pointed stones disappeared from around the opposing team!</small><br></div><div class="spacer battle-history"><br></div><div class="battle-history">Sorcoul used <strong>Scald</strong>!<br></div><div class="battle-history"><small>(The opposing Rotom-Fan lost 16% of its health!)</small><br></div><div class="spacer battle-history"><br></div><h2 class="battle-history">Turn 48</h2><div class="spacer battle-history"><br></div><div class="battle-history">The opposing Rotom-Fan used <strong>Discharge</strong>!<br></div><div class="battle-history"><small>It's super effective!</small><br></div><div class="battle-history"><small>(Sorcoul lost 28% of its health!)</small><br></div><div class="battle-history">[Sorcoul's Liquid Scales]<br><small>Sorcoul had its HP restored.</small><br></div><div class="spacer battle-history"><br></div><div class="battle-history">Sorcoul used <strong>Stealth Rock</strong>!<br></div><div class="battle-history"><small>Pointed stones float in the air around the opposing team!</small><br></div><div class="spacer battle-history"><br></div><h2 class="battle-history">Turn 49</h2><div class="spacer battle-history"><br></div><div class="battle-history">The opposing Rotom-Fan used <strong>Defog</strong>!<br></div><div class="battle-history"><small>Sorcoul's evasiveness fell!</small><br></div><div class="battle-history"><small>The pointed stones disappeared from around the opposing team!</small><br></div><div class="spacer battle-history"><br></div><div class="battle-history">Sorcoul used <strong>Scald</strong>!<br></div><div class="battle-history"><small>(The opposing Rotom-Fan lost 18% of its health!)</small><br></div><div class="spacer battle-history"><br></div><h2 class="battle-history">Turn 50</h2><div class="spacer battle-history"><br></div><div class="battle-history">The opposing Rotom-Fan used <strong>Discharge</strong>!<br></div><div class="battle-history"><small>It's super effective!</small><br></div><div class="battle-history"><small>(Sorcoul lost 31% of its health!)</small><br></div><div class="battle-history"><small>Sorcoul is paralyzed! It may be unable to move!</small><br></div><div class="battle-history">[Sorcoul's Liquid Scales]<br><small>Sorcoul had its HP restored.</small><br></div><div class="spacer battle-history"><br></div><div class="battle-history">Sorcoul used <strong>Strength Sap</strong>!<br></div><div class="battle-history"><small>The opposing Rotom-Fan's Attack fell!</small><br></div><div class="battle-history"><small>Sorcoul had its HP restored.</small><br></div><div class="spacer battle-history"><br></div><h2 class="battle-history">Turn 51</h2><div class="spacer battle-history"><br></div><div class="battle-history">The opposing Rotom-Fan used <strong>Discharge</strong>!<br></div><div class="battle-history"><small>It's super effective!</small><br></div><div class="battle-history"><small>(Sorcoul lost 31% of its health!)</small><br></div><div class="battle-history">[Sorcoul's Liquid Scales]<br><small>Sorcoul had its HP restored.</small><br></div><div class="spacer battle-history"><br></div><div class="battle-history">Sorcoul used <strong>Scald</strong>!<br></div><div class="battle-history"><small>(The opposing Rotom-Fan lost 18% of its health!)</small><br></div><div class="spacer battle-history"><br></div><h2 class="battle-history">Turn 52</h2><div class="spacer battle-history"><br></div><div class="battle-history">The opposing Rotom-Fan used <strong>Discharge</strong>!<br></div><div class="battle-history"><small>It's super effective!</small><br></div><div class="battle-history"><small>(Sorcoul lost 30% of its health!)</small><br></div><div class="battle-history">[Sorcoul's Liquid Scales]<br><small>Sorcoul had its HP restored.</small><br></div><div class="spacer battle-history"><br></div><div class="battle-history">Sorcoul used <strong>Scald</strong>!<br></div><div class="battle-history"><small>(The opposing Rotom-Fan lost 18% of its health!)</small><br></div><div class="battle-history"><small>The opposing Rotom-Fan was burned!</small><br></div><div class="spacer battle-history"><br></div><div class="battle-history"><small>The opposing Rotom-Fan was hurt by its burn!</small><br></div><div class="spacer battle-history"><br></div><h2 class="battle-history">Turn 53</h2><div class="spacer battle-history"><br></div><div class="battle-history">Sorcoul, come back!<br></div><div class="battle-history">Go! Torom (<strong>Rotom</strong>)!<br></div><div class="spacer battle-history"><br></div><div class="battle-history">The opposing Rotom-Fan used <strong>Discharge</strong>!<br></div><div class="battle-history"><small>It's not very effective...</small><br></div><div class="battle-history"><small>(Torom lost 5% of its health!)</small><br></div><div class="spacer battle-history"><br></div><div class="battle-history"><small>The opposing Rotom-Fan was hurt by its burn!</small><br></div><div class="spacer battle-history"><br></div><h2 class="battle-history">Turn 54</h2><div class="spacer battle-history"><br></div><div class="battle-history">The opposing Rotom-Fan used <strong>Discharge</strong>!<br></div><div class="battle-history"><small>It's not very effective...</small><br></div><div class="battle-history"><small>(Torom lost 6% of its health!)</small><br></div><div class="spacer battle-history"><br></div><div class="battle-history">Torom used <strong>Hex</strong>!<br></div><div class="battle-history"><small>(The opposing Rotom-Fan lost 17% of its health!)</small><br></div><div class="spacer battle-history"><br></div><div class="battle-history">The opposing Rotom-Fan fainted!<br></div><div class="battle-history"><small>The mysterious strong winds have dissipated!</small><br></div><div class="spacer battle-history"><br></div><div class="battle-history">JosJet sent out <strong>Meloetta</strong>!<br></div><div class="spacer battle-history"><br></div><h2 class="battle-history">Turn 55</h2><div class="spacer battle-history"><br></div><div class="battle-history">The opposing Meloetta used <strong>Calm Mind</strong>!<br></div><div class="battle-history"><small>The opposing Meloetta's Sp. Atk rose!</small><br></div><div class="battle-history"><small>The opposing Meloetta's Sp. Def rose!</small><br></div><div class="spacer battle-history"><br></div><div class="battle-history">Torom used <strong>Toxic</strong>!<br></div><div class="battle-history"><small>The opposing Meloetta was badly poisoned!</small><br></div><div class="spacer battle-history"><br></div><div class="battle-history"><small>The opposing Meloetta restored a little HP using its Leftovers!</small><br></div><div class="battle-history"><small>The opposing Meloetta was hurt by poison!</small><br></div><div class="spacer battle-history"><br></div><h2 class="battle-history">Turn 56</h2><div class="spacer battle-history"><br></div><div class="battle-history">Torom, come back!<br></div><div class="battle-history">Go! Zarmanitan-Den (<strong>Darmanitan-Zen</strong>)!<br></div><div class="battle-history">[Zarmanitan-Den's Comatose]<br><small>Zarmanitan-Den is drowsing!</small><br></div><div class="spacer battle-history"><br></div><div class="battle-history">The opposing Meloetta used <strong>Psyshock</strong>!<br></div><div class="battle-history"><small>It's not very effective...</small><br></div><div class="battle-history"><small>(Zarmanitan-Den lost 10% of its health!)</small><br></div><div class="spacer battle-history"><br></div><div class="battle-history"><small>The opposing Meloetta restored a little HP using its Leftovers!</small><br></div><div class="battle-history"><small>The opposing Meloetta was hurt by poison!</small><br></div><div class="spacer battle-history"><br></div><h2 class="battle-history">Turn 57</h2><div class="spacer battle-history"><br></div><div class="battle-history">The opposing Meloetta used <strong>Psyshock</strong>!<br></div><div class="battle-history"><small>It's not very effective...</small><br></div><div class="battle-history"><small>(Zarmanitan-Den lost 10% of its health!)</small><br></div><div class="spacer battle-history"><br></div><div class="battle-history">Zarmanitan-Den used <strong>Wish</strong>!<br></div><div class="spacer battle-history"><br></div><div class="battle-history"><small>The opposing Meloetta restored a little HP using its Leftovers!</small><br></div><div class="battle-history"><small>The opposing Meloetta was hurt by poison!</small><br></div><div class="spacer battle-history"><br></div><h2 class="battle-history">Turn 58</h2><div class="spacer battle-history"><br></div><div class="battle-history">The opposing Meloetta used <strong>Psyshock</strong>!<br></div><div class="battle-history"><small>It's not very effective...</small><br></div><div class="battle-history"><small>(Zarmanitan-Den lost 9% of its health!)</small><br></div><div class="spacer battle-history"><br></div><div class="battle-history">Zarmanitan-Den used <strong>U-turn</strong>!<br></div><div class="battle-history"><small>It's super effective!</small><br></div><div class="battle-history"><small>(The opposing Meloetta lost 21% of its health!)</small><br></div><div class="spacer battle-history"><br></div><div class="battle-history">Zarmanitan-Den went back to DarkraiRetribution!<br></div><div class="battle-history">Go! Sorcoul (<strong>Corsoul</strong>)!<br></div><div class="spacer battle-history"><br></div><div class="battle-history"><small>Zarmanitan-Den's wish came true!</small><br></div><div class="battle-history"><small>The opposing Meloetta restored a little HP using its Leftovers!</small><br></div><div class="battle-history"><small>The opposing Meloetta was hurt by poison!</small><br></div><div class="spacer battle-history"><br></div><h2 class="battle-history">Turn 59</h2><div class="spacer battle-history"><br></div><div class="battle-history">Sorcoul, come back!<br></div><div class="battle-history">Go! Zarmanitan-Den (<strong>Darmanitan-Zen</strong>)!<br></div><div class="battle-history">[Zarmanitan-Den's Comatose]<br><small>Zarmanitan-Den is drowsing!</small><br></div><div class="spacer battle-history"><br></div><div class="battle-history">The opposing Meloetta used <strong>Psyshock</strong>!<br></div><div class="battle-history"><small>It's not very effective...</small><br></div><div class="battle-history"><small>(Zarmanitan-Den lost 9% of its health!)</small><br></div><div class="spacer battle-history"><br></div><div class="battle-history"><small>The opposing Meloetta restored a little HP using its Leftovers!</small><br></div><div class="battle-history"><small>The opposing Meloetta was hurt by poison!</small><br></div><div class="spacer battle-history"><br></div><h2 class="battle-history">Turn 60</h2><div class="spacer battle-history"><br></div><div class="battle-history">The opposing Meloetta used <strong>Psyshock</strong>!<br></div><div class="battle-history"><small>It's not very effective...</small><br></div><div class="battle-history"><small>(Zarmanitan-Den lost 10% of its health!)</small><br></div><div class="spacer battle-history"><br></div><div class="battle-history">Zarmanitan-Den used <strong>U-turn</strong>!<br></div><div class="battle-history"><small>It's super effective!</small><br></div><div class="battle-history"><small>(The opposing Meloetta lost 7% of its health!)</small><br></div><div class="spacer battle-history"><br></div><div class="battle-history">The opposing Meloetta fainted!<br></div><div class="spacer battle-history"><br></div><div class="battle-history"><strong>DarkraiRetribution</strong> won the battle!<br></div><div class="chat chatmessage-darkrairetribution mine"><strong style="color:#0f9554"><small>☆</small><span class="username" data-name="DarkraiRetribution">DarkraiRetribution</span>:</strong> <em>gg</em></div><div class="chat chatmessage-josjet"><strong style="color:#41b2b6"><small>☆</small><span class="username" data-name="JosJet">JosJet</span>:</strong> <em>gg!</em></div><div class="chat chatmessage-duom2"><strong style="color:#25a86d"><small>~</small><span class="username" data-name="DuoM2">DuoM2</span>:</strong> <em>wp @ both</em></div><div class="chat"><small>☆JosJet left</small></div><div class="chat chatmessage-duom2"><strong style="color:#25a86d"><small>~</small><span class="username" data-name="DuoM2">DuoM2</span>:</strong> <em>make sure you download the replay</em></div><div class="chat chatmessage-darkrairetribution mine"><strong style="color:#0f9554"><small>☆</small><span class="username" data-name="DarkraiRetribution">DarkraiRetribution</span>:</strong> <em>what shall I do with the replay again?</em></div><div class="chat chatmessage-duom2"><strong style="color:#25a86d"><small>~</small><span class="username" data-name="DuoM2">DuoM2</span>:</strong> <em>and DM that to scoop</em></div></div><div class="inner-preempt message-log"></div></div></div>
</div>
<script>
let daily = Math.floor(Date.now()/1000/60/60/24);document.write('<script src="http://petmodsdh.com/js/replay-embed.js?version'+daily+'"></'+'script>');
</script>
