<!DOCTYPE html>
<meta charset="utf-8" />
<!-- version 1 -->
<title>[Gen 8] Fusion Evolution UU replay: Tapler ❀ vs. isocon</title>
<style>
html,body {font-family:Verdana, sans-serif;font-size:10pt;margin:0;padding:0;}body{padding:12px 0;} .battle-log {font-family:Verdana, sans-serif;font-size:10pt;} .battle-log-inline {border:1px solid #AAAAAA;background:#EEF2F5;color:black;max-width:640px;margin:0 auto 80px;padding-bottom:5px;} .battle-log .inner {padding:4px 8px 0px 8px;} .battle-log .inner-preempt {padding:0 8px 4px 8px;} .battle-log .inner-after {margin-top:0.5em;} .battle-log h2 {margin:0.5em -8px;padding:4px 8px;border:1px solid #AAAAAA;background:#E0E7EA;border-left:0;border-right:0;font-family:Verdana, sans-serif;font-size:13pt;} .battle-log .chat {vertical-align:middle;padding:3px 0 3px 0;font-size:8pt;} .battle-log .chat strong {color:#40576A;} .battle-log .chat em {padding:1px 4px 1px 3px;color:#000000;font-style:normal;} .chat.mine {background:rgba(0,0,0,0.05);margin-left:-8px;margin-right:-8px;padding-left:8px;padding-right:8px;} .spoiler {color:#BBBBBB;background:#BBBBBB;padding:0px 3px;} .spoiler:hover, .spoiler:active, .spoiler-shown {color:#000000;background:#E2E2E2;padding:0px 3px;} .spoiler a {color:#BBBBBB;} .spoiler:hover a, .spoiler:active a, .spoiler-shown a {color:#2288CC;} .chat code, .chat .spoiler:hover code, .chat .spoiler:active code, .chat .spoiler-shown code {border:1px solid #C0C0C0;background:#EEEEEE;color:black;padding:0 2px;} .chat .spoiler code {border:1px solid #CCCCCC;background:#CCCCCC;color:#CCCCCC;} .battle-log .rated {padding:3px 4px;} .battle-log .rated strong {color:white;background:#89A;padding:1px 4px;border-radius:4px;} .spacer {margin-top:0.5em;} .message-announce {background:#6688AA;color:white;padding:1px 4px 2px;} .message-announce a, .broadcast-green a, .broadcast-blue a, .broadcast-red a {color:#DDEEFF;} .broadcast-green {background-color:#559955;color:white;padding:2px 4px;} .broadcast-blue {background-color:#6688AA;color:white;padding:2px 4px;} .infobox {border:1px solid #6688AA;padding:2px 4px;} .infobox-limited {max-height:200px;overflow:auto;overflow-x:hidden;} .broadcast-red {background-color:#AA5544;color:white;padding:2px 4px;} .message-learn-canlearn {font-weight:bold;color:#228822;text-decoration:underline;} .message-learn-cannotlearn {font-weight:bold;color:#CC2222;text-decoration:underline;} .message-effect-weak {font-weight:bold;color:#CC2222;} .message-effect-resist {font-weight:bold;color:#6688AA;} .message-effect-immune {font-weight:bold;color:#666666;} .message-learn-list {margin-top:0;margin-bottom:0;} .message-throttle-notice, .message-error {color:#992222;} .message-overflow, .chat small.message-overflow {font-size:0pt;} .message-overflow::before {font-size:9pt;content:'...';} .subtle {color:#3A4A66;}
</style>
<div class="wrapper replay-wrapper" style="max-width:1180px;margin:0 auto">
<input type="hidden" name="replayid" value="dragonheaven-gen8fusionevolutionuu-30-2ubegpwf6981fwsh99yxcph5dpk30iypw" />
<div class="battle"></div><div class="battle-log"></div><div class="replay-controls"></div><div class="replay-controls-2"></div>
<h1 style="font-weight:normal;text-align:center"><strong>[Gen 8] Fusion Evolution UU</strong><br /><a href="http://pokemonshowdown.com/users/tapler" class="subtle" target="_blank">Tapler ❀</a> vs. <a href="http://pokemonshowdown.com/users/isocon" class="subtle" target="_blank">isocon</a></h1>
<script type="text/plain" class="battle-log-data">|raw|<div class="broadcast-red"><strong>This battle is invite-only!<\/strong><br \/>Users must be invited with <code>\/invite<\/code> (or be staff) to join<\/div>
|j|☆Tapler ❀

|j|☆isocon
|t:|1651694474
|player|p1|Tapler ❀|shauntal|
|player|p2|isocon|aromalady|
|teamsize|p1|6
|teamsize|p2|6
|gametype|singles
|gen|8
|tier|[Gen 8] Fusion Evolution UU
|clearpoke
|poke|p1|Grimmlurk, M|
|poke|p1|Sableior, M|
|poke|p1|Jirachonator, F|
|poke|p1|Kommo-tot, F|
|poke|p1|Arctres-Galar, F|
|poke|p1|Corveot, M|
|poke|p2|Slowton, F|
|poke|p2|Hattaka, F|
|poke|p2|Glasnow, M|
|poke|p2|Porygrigus, M|
|poke|p2|Crawmise, M|
|poke|p2|Whimsilotic, M|
|rule|HP Percentage Mod: HP is shown in percentages
|rule|Endless Battle Clause: Forcing endless battles is banned
|rule|OHKO Clause: OHKO moves are banned
|rule|Evasion Moves Clause: Evasion moves are banned
|rule|Species Clause: Limit one of each Pokémon
|rule|Dynamax Clause: You cannot dynamax
|rule|Sleep Clause Mod: Limit one foe put to sleep
|rule|Z-Move Clause: Z-Moves are banned
|teampreview
|c|☆isocon|glhf
|c|☆Tapler ❀|ditto
|c|☆isocon|do you mind me inviting people
|c|☆Tapler ❀|nope
|c|☆isocon|by people i mean paul
|c|☆isocon|ok thanks
|c|☆isocon|\/log Paul(Paulluxx) was invited (and promoted to Room Voice) by isocon.
|j|+Paul(Paulluxx)
|c|+Paul(Paulluxx)|isoclown go 
|
|t:|1651694557
|start
|switch|p1a: lmaobirb|Corveot, M|331\/331
|switch|p2a: Hattaka|Hattaka, F|100\/100
|-start|p1a: lmaobirb|typechange|Steel\/Flying|[silent]
|raw|<ul class="utilichart"><li class="result"><span class="col pokemonnamecol" style="white-space: nowrap">Corveot<\/span> <span class="col typecol"><img src="https:\/\/dragonheaven.herokuapp.com\/sprites\/types\/Steel.png" alt="Steel" height="14" width="32"><img src="https:\/\/dragonheaven.herokuapp.com\/sprites\/types\/Flying.png" alt="Flying" height="14" width="32"><\/span> <span style="float: left ; min-height: 26px"><span class="col abilitycol">Big Pressure<\/span><span class="col abilitycol"><\/span><\/span><\/li><li style="clear: both"><\/li><\/ul>
|raw|<ul class="utilichart"><li class="result"><span style="float: left ; min-height: 26px"><span class="col statcol"><em>HP<\/em><br>95<\/span> <span class="col statcol"><em>Atk<\/em><br>85<\/span> <span class="col statcol"><em>Def<\/em><br>110<\/span> <span class="col statcol"><em>SpA<\/em><br>70<\/span> <span class="col statcol"><em>SpD<\/em><br>80<\/span> <span class="col statcol"><em>Spe<\/em><br>85<\/span> <\/span><\/li><li style="clear: both"><\/li><\/ul>
|-ability|p1a: lmaobirb|Big Pressure
|-start|p2a: Hattaka|typechange|Psychic\/Steel|[silent]
|raw|<ul class="utilichart"><li class="result"><span class="col pokemonnamecol" style="white-space: nowrap">Hattaka<\/span> <span class="col typecol"><img src="https:\/\/dragonheaven.herokuapp.com\/sprites\/types\/Psychic.png" alt="Psychic" height="14" width="32"><img src="https:\/\/dragonheaven.herokuapp.com\/sprites\/types\/Steel.png" alt="Steel" height="14" width="32"><\/span> <span style="float: left ; min-height: 26px"><span class="col abilitycol">Magic Beast<\/span><span class="col abilitycol"><\/span><\/span><\/li><li style="clear: both"><\/li><\/ul>
|raw|<ul class="utilichart"><li class="result"><span style="float: left ; min-height: 26px"><span class="col statcol"><em>HP<\/em><br>60<\/span> <span class="col statcol"><em>Atk<\/em><br>128<\/span> <span class="col statcol"><em>Def<\/em><br>155<\/span> <span class="col statcol"><em>SpA<\/em><br>110<\/span> <span class="col statcol"><em>SpD<\/em><br>105<\/span> <span class="col statcol"><em>Spe<\/em><br>21<\/span> <\/span><\/li><li style="clear: both"><\/li><\/ul>
|-item|p2a: Hattaka|Air Balloon
|turn|1
|
|t:|1651694564
|detailschange|p1a: lmaobirb|Corveot-Mega, M
|-mega|p1a: lmaobirb|Corveot|Pidgeotite
|-start|p1a: lmaobirb|typechange|Steel\/Flying|[silent]
|raw|<ul class="utilichart"><li class="result"><span class="col pokemonnamecol" style="white-space: nowrap">Corveot-Mega<\/span> <span class="col typecol"><img src="https:\/\/dragonheaven.herokuapp.com\/sprites\/types\/Steel.png" alt="Steel" height="14" width="32"><img src="https:\/\/dragonheaven.herokuapp.com\/sprites\/types\/Flying.png" alt="Flying" height="14" width="32"><\/span> <span style="float: left ; min-height: 26px"><span class="col abilitycol">No Guard<\/span><span class="col abilitycol"><\/span><\/span><span style="float: left ; min-height: 26px"><span class="col statcol"><em>HP<\/em><br>95<\/span> <span class="col statcol"><em>Atk<\/em><br>85<\/span> <span class="col statcol"><em>Def<\/em><br>115<\/span> <span class="col statcol"><em>SpA<\/em><br>135<\/span> <span class="col statcol"><em>SpD<\/em><br>90<\/span> <span class="col statcol"><em>Spe<\/em><br>105<\/span> <\/span><\/li><li style="clear: both"><\/li><\/ul>
|move|p1a: lmaobirb|Nasty Plot|p1a: lmaobirb
|-boost|p1a: lmaobirb|spa|2
|move|p2a: Hattaka|Trick Room|p2a: Hattaka
|-fieldstart|move: Trick Room|[of] p2a: Hattaka
|
|upkeep
|turn|2
|
|t:|1651694577
|move|p2a: Hattaka|Stealth Rock|p1a: lmaobirb
|-sidestart|p1: Tapler ❀|move: Stealth Rock
|move|p1a: lmaobirb|Heat Wave|p2a: Hattaka
|-supereffective|p2a: Hattaka
|-damage|p2a: Hattaka|5\/100
|-enditem|p2a: Hattaka|Air Balloon
|
|upkeep
|turn|3
|
|t:|1651694593
|move|p2a: Hattaka|Healing Wish|p2a: Hattaka
|faint|p2a: Hattaka
|move|p1a: lmaobirb|Hurricane|p2: Hattaka|[notarget]
|-fail|p1a: lmaobirb
|
|upkeep
|
|t:|1651694597
|switch|p2a: Slowton|Slowton, F|100\/100
|-start|p2a: Slowton|typechange|Poison\/Electric|[silent]
|raw|<ul class="utilichart"><li class="result"><span class="col pokemonnamecol" style="white-space: nowrap">Slowton<\/span> <span class="col typecol"><img src="https:\/\/dragonheaven.herokuapp.com\/sprites\/types\/Poison.png" alt="Poison" height="14" width="32"><img src="https:\/\/dragonheaven.herokuapp.com\/sprites\/types\/Electric.png" alt="Electric" height="14" width="32"><\/span> <span style="float: left ; min-height: 26px"><span class="col abilitycol">Surgeon Eye<\/span><span class="col abilitycol"><\/span><\/span><\/li><li style="clear: both"><\/li><\/ul>
|raw|<ul class="utilichart"><li class="result"><span style="float: left ; min-height: 26px"><span class="col statcol"><em>HP<\/em><br>92<\/span> <span class="col statcol"><em>Atk<\/em><br>62<\/span> <span class="col statcol"><em>Def<\/em><br>97<\/span> <span class="col statcol"><em>SpA<\/em><br>115<\/span> <span class="col statcol"><em>SpD<\/em><br>100<\/span> <span class="col statcol"><em>Spe<\/em><br>50<\/span> <\/span><\/li><li style="clear: both"><\/li><\/ul>
|turn|4
|
|t:|1651694613
|switch|p1a: Lancer|Arctres-Galar, F|321\/321
|-start|p1a: Lancer|typechange|Fire\/Dark|[silent]
|raw|<ul class="utilichart"><li class="result"><span class="col pokemonnamecol" style="white-space: nowrap">Arctres-Galar<\/span> <span class="col typecol"><img src="https:\/\/dragonheaven.herokuapp.com\/sprites\/types\/Fire.png" alt="Fire" height="14" width="32"><img src="https:\/\/dragonheaven.herokuapp.com\/sprites\/types\/Dark.png" alt="Dark" height="14" width="32"><\/span> <span style="float: left ; min-height: 26px"><span class="col abilitycol">Debilitate<\/span><span class="col abilitycol"><\/span><\/span><\/li><li style="clear: both"><\/li><\/ul>
|raw|<ul class="utilichart"><li class="result"><span style="float: left ; min-height: 26px"><span class="col statcol"><em>HP<\/em><br>90<\/span> <span class="col statcol"><em>Atk<\/em><br>112<\/span> <span class="col statcol"><em>Def<\/em><br>95<\/span> <span class="col statcol"><em>SpA<\/em><br>102<\/span> <span class="col statcol"><em>SpD<\/em><br>105<\/span> <span class="col statcol"><em>Spe<\/em><br>102<\/span> <\/span><\/li><li style="clear: both"><\/li><\/ul>
|-ability|p1a: Lancer|Debilitate|boost
|-unboost|p2a: Slowton|spa|1
|move|p2a: Slowton|Volt Switch|p1a: Lancer
|-damage|p1a: Lancer|181\/321
|-damage|p2a: Slowton|91\/100|[from] item: Life Orb
|
|t:|1651694641
|switch|p2a: Glasnow|Glasnow, M|100\/100|[from]move: Volt Switch
|-start|p2a: Glasnow|typechange|Ice|[silent]
|raw|<ul class="utilichart"><li class="result"><span class="col pokemonnamecol" style="white-space: nowrap">Glasnow<\/span> <span class="col typecol"><img src="https:\/\/dragonheaven.herokuapp.com\/sprites\/types\/Ice.png" alt="Ice" height="14" width="32"><\/span> <span style="float: left ; min-height: 26px"><span class="col abilitycol">Sound Neigh<\/span><span class="col abilitycol"><\/span><\/span><\/li><li style="clear: both"><\/li><\/ul>
|raw|<ul class="utilichart"><li class="result"><span style="float: left ; min-height: 26px"><span class="col statcol"><em>HP<\/em><br>100<\/span> <span class="col statcol"><em>Atk<\/em><br>130<\/span> <span class="col statcol"><em>Def<\/em><br>120<\/span> <span class="col statcol"><em>SpA<\/em><br>80<\/span> <span class="col statcol"><em>SpD<\/em><br>100<\/span> <span class="col statcol"><em>Spe<\/em><br>45<\/span> <\/span><\/li><li style="clear: both"><\/li><\/ul>
|
|upkeep
|turn|5
|
|t:|1651694648
|detailschange|p2a: Glasnow|Glasnow-Mega, M
|-mega|p2a: Glasnow|Glasnow|Abomasite
|-weather|Hail|[from] ability: Snow Warning|[of] p2a: Glasnow
|-start|p2a: Glasnow|typechange|Ice|[silent]
|raw|<ul class="utilichart"><li class="result"><span class="col pokemonnamecol" style="white-space: nowrap">Glasnow-Mega<\/span> <span class="col typecol"><img src="https:\/\/dragonheaven.herokuapp.com\/sprites\/types\/Ice.png" alt="Ice" height="14" width="32"><\/span> <span style="float: left ; min-height: 26px"><span class="col abilitycol">Snow Warning<\/span><span class="col abilitycol"><\/span><\/span><span style="float: left ; min-height: 26px"><span class="col statcol"><em>HP<\/em><br>100<\/span> <span class="col statcol"><em>Atk<\/em><br>170<\/span> <span class="col statcol"><em>Def<\/em><br>150<\/span> <span class="col statcol"><em>SpA<\/em><br>120<\/span> <span class="col statcol"><em>SpD<\/em><br>120<\/span> <span class="col statcol"><em>Spe<\/em><br>15<\/span> <\/span><\/li><li style="clear: both"><\/li><\/ul>
|move|p2a: Glasnow|Earthquake|p1a: Lancer
|-supereffective|p1a: Lancer
|-damage|p1a: Lancer|0 fnt
|faint|p1a: Lancer
|
|-weather|Hail|[upkeep]
|-fieldend|move: Trick Room
|upkeep
|
|t:|1651694656
|switch|p1a: Magma|Grimmlurk, M|394\/394
|-start|p1a: Magma|typechange|Fairy\/Ghost|[silent]
|raw|<ul class="utilichart"><li class="result"><span class="col pokemonnamecol" style="white-space: nowrap">Grimmlurk<\/span> <span class="col typecol"><img src="https:\/\/dragonheaven.herokuapp.com\/sprites\/types\/Fairy.png" alt="Fairy" height="14" width="32"><img src="https:\/\/dragonheaven.herokuapp.com\/sprites\/types\/Ghost.png" alt="Ghost" height="14" width="32"><\/span> <span style="float: left ; min-height: 26px"><span class="col abilitycol">Not Funny<\/span><span class="col abilitycol"><\/span><\/span><\/li><li style="clear: both"><\/li><\/ul>
|raw|<ul class="utilichart"><li class="result"><span style="float: left ; min-height: 26px"><span class="col statcol"><em>HP<\/em><br>95<\/span> <span class="col statcol"><em>Atk<\/em><br>125<\/span> <span class="col statcol"><em>Def<\/em><br>90<\/span> <span class="col statcol"><em>SpA<\/em><br>75<\/span> <span class="col statcol"><em>SpD<\/em><br>90<\/span> <span class="col statcol"><em>Spe<\/em><br>60<\/span> <\/span><\/li><li style="clear: both"><\/li><\/ul>
|-damage|p1a: Magma|345\/394|[from] Stealth Rock
|turn|6
|
|t:|1651694661
|switch|p2a: Porygrigus|Porygrigus, M|100\/100
|-start|p2a: Porygrigus|typechange|Normal\/Ghost|[silent]
|raw|<ul class="utilichart"><li class="result"><span class="col pokemonnamecol" style="white-space: nowrap">Porygrigus<\/span> <span class="col typecol"><img src="https:\/\/dragonheaven.herokuapp.com\/sprites\/types\/Normal.png" alt="Normal" height="14" width="32"><img src="https:\/\/dragonheaven.herokuapp.com\/sprites\/types\/Ghost.png" alt="Ghost" height="14" width="32"><\/span> <span style="float: left ; min-height: 26px"><span class="col abilitycol">Pillage<\/span><span class="col abilitycol"><\/span><\/span><\/li><li style="clear: both"><\/li><\/ul>
|raw|<ul class="utilichart"><li class="result"><span style="float: left ; min-height: 26px"><span class="col statcol"><em>HP<\/em><br>71<\/span> <span class="col statcol"><em>Atk<\/em><br>65<\/span> <span class="col statcol"><em>Def<\/em><br>130<\/span> <span class="col statcol"><em>SpA<\/em><br>108<\/span> <span class="col statcol"><em>SpD<\/em><br>100<\/span> <span class="col statcol"><em>Spe<\/em><br>45<\/span> <\/span><\/li><li style="clear: both"><\/li><\/ul>
|-activate|p2a: Porygrigus|ability: Pillage
|-activate|p2a: Porygrigus|Skill Swap|||[of] p1a: Magma
|-activate|p2a: Porygrigus|ability: Not Funny
|-activate|p1a: Magma|ability: Pillage
|move|p1a: Magma|Reflect|p1a: Magma
|-sidestart|p1: Tapler ❀|Reflect
|
|-weather|Hail|[upkeep]
|-damage|p1a: Magma|321\/394|[from] Hail
|-damage|p2a: Porygrigus|94\/100|[from] Hail
|upkeep
|turn|7
|
|t:|1651694664
|move|p1a: Magma|Taunt|p2a: Porygrigus
|-start|p2a: Porygrigus|move: Taunt
|cant|p2a: Porygrigus|move: Taunt|Trick Room
|
|-weather|Hail|[upkeep]
|-damage|p1a: Magma|297\/394|[from] Hail
|-damage|p2a: Porygrigus|88\/100|[from] Hail
|upkeep
|turn|8
|
|t:|1651694671
|switch|p2a: Slowton|Slowton, F|100\/100
|-start|p2a: Slowton|typechange|Poison\/Electric|[silent]
|move|p1a: Magma|Light Screen|p1a: Magma
|-sidestart|p1: Tapler ❀|move: Light Screen
|
|-weather|Hail|[upkeep]
|-damage|p1a: Magma|273\/394|[from] Hail
|-damage|p2a: Slowton|94\/100|[from] Hail
|upkeep
|turn|9
|
|t:|1651694675
|move|p1a: Magma|Taunt|p2a: Slowton
|-start|p2a: Slowton|move: Taunt
|move|p2a: Slowton|Sludge Bomb|p1a: Magma
|-damage|p1a: Magma|172\/394
|-damage|p2a: Slowton|85\/100|[from] item: Life Orb
|
|-weather|none
|upkeep
|turn|10
|
|t:|1651694688
|switch|p1a: "RU"|Kommo-tot, F|321\/321
|-damage|p1a: "RU"|281\/321|[from] Stealth Rock
|-start|p1a: "RU"|typechange|Normal\/Dragon|[silent]
|raw|<ul class="utilichart"><li class="result"><span class="col pokemonnamecol" style="white-space: nowrap">Kommo-tot<\/span> <span class="col typecol"><img src="https:\/\/dragonheaven.herokuapp.com\/sprites\/types\/Normal.png" alt="Normal" height="14" width="32"><img src="https:\/\/dragonheaven.herokuapp.com\/sprites\/types\/Dragon.png" alt="Dragon" height="14" width="32"><\/span> <span style="float: left ; min-height: 26px"><span class="col abilitycol">Bulletpecks<\/span><span class="col abilitycol"><\/span><\/span><\/li><li style="clear: both"><\/li><\/ul>
|raw|<ul class="utilichart"><li class="result"><span style="float: left ; min-height: 26px"><span class="col statcol"><em>HP<\/em><br>90<\/span> <span class="col statcol"><em>Atk<\/em><br>90<\/span> <span class="col statcol"><em>Def<\/em><br>85<\/span> <span class="col statcol"><em>SpA<\/em><br>96<\/span> <span class="col statcol"><em>SpD<\/em><br>90<\/span> <span class="col statcol"><em>Spe<\/em><br>90<\/span> <\/span><\/li><li style="clear: both"><\/li><\/ul>
|move|p2a: Slowton|Volt Switch|p1a: "RU"
|-resisted|p1a: "RU"
|-damage|p1a: "RU"|222\/321
|-damage|p2a: Slowton|75\/100|[from] item: Life Orb
|
|t:|1651694698
|switch|p2a: Whimsilotic|Whimsilotic, M|100\/100|[from]move: Volt Switch
|-start|p2a: Whimsilotic|typechange|Water\/Fairy|[silent]
|raw|<ul class="utilichart"><li class="result"><span class="col pokemonnamecol" style="white-space: nowrap">Whimsilotic<\/span> <span class="col typecol"><img src="https:\/\/dragonheaven.herokuapp.com\/sprites\/types\/Water.png" alt="Water" height="14" width="32"><img src="https:\/\/dragonheaven.herokuapp.com\/sprites\/types\/Fairy.png" alt="Fairy" height="14" width="32"><\/span> <span style="float: left ; min-height: 26px"><span class="col abilitycol">Covert Ops<\/span><span class="col abilitycol"><\/span><\/span><\/li><li style="clear: both"><\/li><\/ul>
|raw|<ul class="utilichart"><li class="result"><span style="float: left ; min-height: 26px"><span class="col statcol"><em>HP<\/em><br>85<\/span> <span class="col statcol"><em>Atk<\/em><br>63<\/span> <span class="col statcol"><em>Def<\/em><br>85<\/span> <span class="col statcol"><em>SpA<\/em><br>105<\/span> <span class="col statcol"><em>SpD<\/em><br>105<\/span> <span class="col statcol"><em>Spe<\/em><br>105<\/span> <\/span><\/li><li style="clear: both"><\/li><\/ul>
|
|upkeep
|turn|11
|raw|<div class="message"><ul class="utilichart"><li class="result"><span class="col numcol">FERU<\/span> <span class="col iconcol"><psicon pokemon="kommotot"\/><\/span> <span class="col pokemonnamecol" style="white-space:nowrap"><a href="https:\/\/dex.pokemonshowdown.com\/pokemon\/kommotot" target="_blank">Kommo-tot<\/a><\/span> <span class="col typecol"><img src="https:\/\/dragonheaven.herokuapp.com\/sprites\/types\/Normal.png" alt="Normal" height="14" width="32"><img src="https:\/\/dragonheaven.herokuapp.com\/sprites\/types\/Dragon.png" alt="Dragon" height="14" width="32"><\/span> <span style="float:left;min-height:26px"><span class="col abilitycol">Bulletpecks<\/span><span class="col abilitycol"><\/span><\/span><span style="float:left;min-height:26px"><span class="col statcol"><em>HP<\/em><br \/>90<\/span> <span class="col statcol"><em>Atk<\/em><br \/>90<\/span> <span class="col statcol"><em>Def<\/em><br \/>85<\/span> <span class="col statcol"><em>SpA<\/em><br \/>96<\/span> <span class="col statcol"><em>SpD<\/em><br \/>90<\/span> <span class="col statcol"><em>Spe<\/em><br \/>90<\/span> <span class="col bstcol"><em>BST<br \/>541<\/em><\/span> <\/span><\/li><li style="clear:both"><\/li><\/ul><\/div>
|raw|<font size="1"><font color="#686868">Dex#:<\/font> 155&nbsp;|&ThickSpace;<font color="#686868">Gen:<\/font> 2&nbsp;|&ThickSpace;<font color="#686868">Height:<\/font> 0 m&nbsp;|&ThickSpace;<font color="#686868">Weight:<\/font> 40.1 kg <em>(60 BP)<\/em>&nbsp;|&ThickSpace;Egg Group(s)&nbsp;|&ThickSpace;<font color="#686868">Does Not Evolve<\/font><\/font>

|
|t:|1651694774
|move|p1a: "RU"|Boomburst|p2a: Whimsilotic
|-damage|p2a: Whimsilotic|66\/100
|-enditem|p1a: "RU"|Throat Spray
|-boost|p1a: "RU"|spa|1|[from] item: Throat Spray
|move|p2a: Whimsilotic|Trick Room|p2a: Whimsilotic
|-fieldstart|move: Trick Room|[of] p2a: Whimsilotic
|
|-heal|p2a: Whimsilotic|72\/100|[from] item: Leftovers
|upkeep
|turn|12
|
|t:|1651694802
|move|p2a: Whimsilotic|Recover|p2a: Whimsilotic
|-heal|p2a: Whimsilotic|100\/100
|move|p1a: "RU"|Boomburst|p2a: Whimsilotic
|-damage|p2a: Whimsilotic|41\/100
|
|-heal|p2a: Whimsilotic|47\/100|[from] item: Leftovers
|upkeep
|turn|13
|
|t:|1651694818
|switch|p2a: Porygrigus|Porygrigus, M|88\/100
|-heal|p2a: Porygrigus|100\/100|[from] move: Healing Wish
|-start|p2a: Porygrigus|typechange|Normal\/Ghost|[silent]
|-activate|p2a: Porygrigus|ability: Pillage
|-activate|p2a: Porygrigus|Skill Swap|||[of] p1a: "RU"
|-activate|p2a: Porygrigus|ability: Bulletpecks
|-activate|p1a: "RU"|ability: Pillage
|move|p1a: "RU"|Clangorous Soul|p1a: "RU"
|-boost|p1a: "RU"|atk|1
|-boost|p1a: "RU"|def|1
|-boost|p1a: "RU"|spa|1
|-boost|p1a: "RU"|spd|1
|-boost|p1a: "RU"|spe|1
|-damage|p1a: "RU"|117\/321
|
|-sideend|p1: Tapler ❀|Reflect
|upkeep
|turn|14
|
|t:|1651694832
|move|p1a: "RU"|Flamethrower|p2a: Porygrigus
|-damage|p2a: Porygrigus|51\/100
|move|p2a: Porygrigus|Teleport|p2a: Porygrigus
|
|t:|1651694842
|switch|p2a: Glasnow|Glasnow-Mega, M|100\/100|[from]move: Teleport
|-start|p2a: Glasnow|typechange|Ice|[silent]
|-start|p2a: Glasnow|typechange|Ice|[silent]
|-weather|Hail|[from] ability: Snow Warning|[of] p2a: Glasnow
|
|-weather|Hail|[upkeep]
|-damage|p1a: "RU"|97\/321|[from] Hail
|upkeep
|turn|15
|
|t:|1651694863
|move|p2a: Glasnow|Icicle Crash|p1a: "RU"
|-supereffective|p1a: "RU"
|-damage|p1a: "RU"|0 fnt
|faint|p1a: "RU"
|
|-weather|Hail|[upkeep]
|-sideend|p1: Tapler ❀|move: Light Screen
|-fieldend|move: Trick Room
|upkeep
|
|t:|1651694865
|switch|p1a: Magma|Grimmlurk, M|172\/394
|-damage|p1a: Magma|123\/394|[from] Stealth Rock
|-start|p1a: Magma|typechange|Fairy\/Ghost|[silent]
|turn|16
|
|t:|1651694867
|move|p1a: Magma|Reflect|p1a: Magma
|-sidestart|p1: Tapler ❀|Reflect
|move|p2a: Glasnow|Swords Dance|p2a: Glasnow
|-boost|p2a: Glasnow|atk|2
|
|-weather|Hail|[upkeep]
|-damage|p1a: Magma|99\/394|[from] Hail
|upkeep
|turn|17
|
|t:|1651694876
|move|p1a: Magma|Light Screen|p1a: Magma
|-sidestart|p1: Tapler ❀|move: Light Screen
|move|p2a: Glasnow|Icicle Crash|p1a: Magma
|-damage|p1a: Magma|0 fnt
|faint|p1a: Magma
|
|-weather|Hail|[upkeep]
|upkeep
|
|t:|1651694877
|switch|p1a: lmaobirb|Corveot-Mega, M|331\/331
|-start|p1a: lmaobirb|typechange|Steel\/Flying|[silent]
|-start|p1a: lmaobirb|typechange|Steel\/Flying|[silent]
|-damage|p1a: lmaobirb|290\/331|[from] Stealth Rock
|turn|18
|
|t:|1651694879
|move|p1a: lmaobirb|Steel Beam|p2a: Glasnow
|-supereffective|p2a: Glasnow
|-damage|p2a: Glasnow|0 fnt
|-damage|p1a: lmaobirb|124\/331|[from] mindblown
|faint|p2a: Glasnow
|
|-weather|none
|upkeep
|
|t:|1651694887
|switch|p2a: Slowton|Slowton, F|100\/100
|-start|p2a: Slowton|typechange|Poison\/Electric|[silent]
|turn|19
|
|t:|1651694891
|switch|p1a: Fren|Sableior, M|251\/251
|-damage|p1a: Fren|220\/251|[from] Stealth Rock
|-start|p1a: Fren|typechange|Rock\/Ghost|[silent]
|raw|<ul class="utilichart"><li class="result"><span class="col pokemonnamecol" style="white-space: nowrap">Sableior<\/span> <span class="col typecol"><img src="https:\/\/dragonheaven.herokuapp.com\/sprites\/types\/Rock.png" alt="Rock" height="14" width="32"><img src="https:\/\/dragonheaven.herokuapp.com\/sprites\/types\/Ghost.png" alt="Ghost" height="14" width="32"><\/span> <span style="float: left ; min-height: 26px"><span class="col abilitycol">Mode Shift<\/span><span class="col abilitycol"><\/span><\/span><\/li><li style="clear: both"><\/li><\/ul>
|raw|<ul class="utilichart"><li class="result"><span style="float: left ; min-height: 26px"><span class="col statcol"><em>HP<\/em><br>55<\/span> <span class="col statcol"><em>Atk<\/em><br>107<\/span> <span class="col statcol"><em>Def<\/em><br>67<\/span> <span class="col statcol"><em>SpA<\/em><br>102<\/span> <span class="col statcol"><em>SpD<\/em><br>62<\/span> <span class="col statcol"><em>Spe<\/em><br>115<\/span> <\/span><\/li><li style="clear: both"><\/li><\/ul>
|-formechange|p1a: Fren|Sableior-Meteor||[from] ability: Mode Shift
|move|p2a: Slowton|Trick Room|p2a: Slowton
|-fieldstart|move: Trick Room|[of] p2a: Slowton
|
|upkeep
|turn|20
|
|t:|1651694896
|move|p2a: Slowton|Volt Switch|p1a: Fren
|-damage|p1a: Fren|143\/251
|-damage|p2a: Slowton|91\/100|[from] item: Life Orb
|
|t:|1651694900
|switch|p2a: Crawmise|Crawmise, M|100\/100|[from]move: Volt Switch
|-start|p2a: Crawmise|typechange|Dark\/Grass|[silent]
|raw|<ul class="utilichart"><li class="result"><span class="col pokemonnamecol" style="white-space: nowrap">Crawmise<\/span> <span class="col typecol"><img src="https:\/\/dragonheaven.herokuapp.com\/sprites\/types\/Dark.png" alt="Dark" height="14" width="32"><img src="https:\/\/dragonheaven.herokuapp.com\/sprites\/types\/Grass.png" alt="Grass" height="14" width="32"><\/span> <span style="float: left ; min-height: 26px"><span class="col abilitycol">Workability<\/span><span class="col abilitycol"><\/span><\/span><\/li><li style="clear: both"><\/li><\/ul>
|raw|<ul class="utilichart"><li class="result"><span style="float: left ; min-height: 26px"><span class="col statcol"><em>HP<\/em><br>80<\/span> <span class="col statcol"><em>Atk<\/em><br>125<\/span> <span class="col statcol"><em>Def<\/em><br>100<\/span> <span class="col statcol"><em>SpA<\/em><br>90<\/span> <span class="col statcol"><em>SpD<\/em><br>85<\/span> <span class="col statcol"><em>Spe<\/em><br>50<\/span> <\/span><\/li><li style="clear: both"><\/li><\/ul>
|-formechange|p1a: Fren|Sableior||[from] ability: Mode Shift
|move|p1a: Fren|Earthquake|p2a: Crawmise
|-resisted|p2a: Crawmise
|-damage|p2a: Crawmise|85\/100
|
|upkeep
|turn|21
|
|t:|1651694910
|move|p2a: Crawmise|Knock Off|p1a: Fren
|-supereffective|p1a: Fren
|-damage|p1a: Fren|0 fnt
|-enditem|p1a: Fren|White Herb|[from] move: Knock Off|[of] p2a: Crawmise
|-damage|p2a: Crawmise|75\/100|[from] item: Life Orb
|faint|p1a: Fren
|
|upkeep
|
|t:|1651694916
|switch|p1a: lmaobirb|Corveot-Mega, M|124\/331
|-damage|p1a: lmaobirb|83\/331|[from] Stealth Rock
|-start|p1a: lmaobirb|typechange|Steel\/Flying|[silent]
|-start|p1a: lmaobirb|typechange|Steel\/Flying|[silent]
|turn|22
|
|t:|1651694921
|move|p2a: Crawmise|Knock Off|p1a: lmaobirb
|-damage|p1a: lmaobirb|0 fnt
|-damage|p2a: Crawmise|66\/100|[from] item: Life Orb
|faint|p1a: lmaobirb
|
|upkeep
|
|t:|1651694923
|switch|p1a: Doof|Jirachonator, F|321\/321
|-start|p1a: Doof|typechange|Steel\/Dragon|[silent]
|raw|<ul class="utilichart"><li class="result"><span class="col pokemonnamecol" style="white-space: nowrap">Jirachonator<\/span> <span class="col typecol"><img src="https:\/\/dragonheaven.herokuapp.com\/sprites\/types\/Steel.png" alt="Steel" height="14" width="32"><img src="https:\/\/dragonheaven.herokuapp.com\/sprites\/types\/Dragon.png" alt="Dragon" height="14" width="32"><\/span> <span style="float: left ; min-height: 26px"><span class="col abilitycol">Shield Dust<\/span><span class="col abilitycol"><\/span><\/span><\/li><li style="clear: both"><\/li><\/ul>
|raw|<ul class="utilichart"><li class="result"><span style="float: left ; min-height: 26px"><span class="col statcol"><em>HP<\/em><br>90<\/span> <span class="col statcol"><em>Atk<\/em><br>89<\/span> <span class="col statcol"><em>Def<\/em><br>117<\/span> <span class="col statcol"><em>SpA<\/em><br>115<\/span> <span class="col statcol"><em>SpD<\/em><br>102<\/span> <span class="col statcol"><em>Spe<\/em><br>68<\/span> <\/span><\/li><li style="clear: both"><\/li><\/ul>
|-damage|p1a: Doof|301\/321|[from] Stealth Rock
|-item|p1a: Doof|Air Balloon
|turn|23
|
|t:|1651694945
|move|p2a: Crawmise|Knock Off|p1a: Doof
|-damage|p1a: Doof|158\/321
|-enditem|p1a: Doof|Air Balloon
|-damage|p2a: Crawmise|56\/100|[from] item: Life Orb
|move|p1a: Doof|Shell Smash|p1a: Doof
|-unboost|p1a: Doof|def|1
|-unboost|p1a: Doof|spd|1
|-boost|p1a: Doof|atk|2
|-boost|p1a: Doof|spa|2
|-boost|p1a: Doof|spe|2
|
|-sideend|p1: Tapler ❀|Reflect
|-fieldend|move: Trick Room
|upkeep
|turn|24
|
|t:|1651694993
|switch|p2a: Porygrigus|Porygrigus, M|51\/100
|-start|p2a: Porygrigus|typechange|Normal\/Ghost|[silent]
|-activate|p2a: Porygrigus|ability: Pillage
|-activate|p2a: Porygrigus|Skill Swap|||[of] p1a: Doof
|-activate|p2a: Porygrigus|ability: Shield Dust
|-activate|p1a: Doof|ability: Pillage
|move|p1a: Doof|Flash Cannon|p2a: Porygrigus
|-damage|p2a: Porygrigus|0 fnt
|faint|p2a: Porygrigus
|
|-sideend|p1: Tapler ❀|move: Light Screen
|upkeep
|raw|<div class="message"><ul class="utilichart"><li class="result"><span class="col numcol">FEUU<\/span> <span class="col iconcol"><psicon pokemon="whimsilotic"\/><\/span> <span class="col pokemonnamecol" style="white-space:nowrap"><a href="https:\/\/dex.pokemonshowdown.com\/pokemon\/whimsilotic" target="_blank">Whimsilotic<\/a><\/span> <span class="col typecol"><img src="https:\/\/dragonheaven.herokuapp.com\/sprites\/types\/Water.png" alt="Water" height="14" width="32"><img src="https:\/\/dragonheaven.herokuapp.com\/sprites\/types\/Fairy.png" alt="Fairy" height="14" width="32"><\/span> <span style="float:left;min-height:26px"><span class="col abilitycol">Covert Ops<\/span><span class="col abilitycol"><\/span><\/span><span style="float:left;min-height:26px"><span class="col statcol"><em>HP<\/em><br \/>85<\/span> <span class="col statcol"><em>Atk<\/em><br \/>63<\/span> <span class="col statcol"><em>Def<\/em><br \/>85<\/span> <span class="col statcol"><em>SpA<\/em><br \/>105<\/span> <span class="col statcol"><em>SpD<\/em><br \/>105<\/span> <span class="col statcol"><em>Spe<\/em><br \/>105<\/span> <span class="col bstcol"><em>BST<br \/>548<\/em><\/span> <\/span><\/li><li style="clear:both"><\/li><\/ul><\/div>
|raw|<font size="1"><font color="#686868">Dex#:<\/font> 71&nbsp;|&ThickSpace;<font color="#686868">Gen:<\/font> 1&nbsp;|&ThickSpace;<font color="#686868">Height:<\/font> 0 m&nbsp;|&ThickSpace;<font color="#686868">Weight:<\/font> 84.3 kg <em>(80 BP)<\/em>&nbsp;|&ThickSpace;Egg Group(s)&nbsp;|&ThickSpace;<font color="#686868">Does Not Evolve<\/font><\/font>

|
|t:|1651695073
|switch|p2a: Whimsilotic|Whimsilotic, M|47\/100
|-start|p2a: Whimsilotic|typechange|Water\/Fairy|[silent]
|turn|25
|
|t:|1651695086
|move|p1a: Doof|Flash Cannon|p2a: Whimsilotic
|-damage|p2a: Whimsilotic|0 fnt
|faint|p2a: Whimsilotic
|
|upkeep
|
|t:|1651695090
|switch|p2a: Slowton|Slowton, F|100\/100
|-start|p2a: Slowton|typechange|Poison\/Electric|[silent]
|turn|26
|
|t:|1651695095
|move|p1a: Doof|Earthquake|p2a: Slowton
|-supereffective|p2a: Slowton
|-damage|p2a: Slowton|0 fnt
|faint|p2a: Slowton
|
|upkeep
|c|☆isocon|gg
|
|t:|1651695099
|switch|p2a: Crawmise|Crawmise, M|56\/100
|-start|p2a: Crawmise|typechange|Dark\/Grass|[silent]
|turn|27
|c|☆Tapler ❀|gg
|
|t:|1651695103
|move|p1a: Doof|Dragon Pulse|p2a: Crawmise
|-damage|p2a: Crawmise|0 fnt
|faint|p2a: Crawmise
|
|win|Tapler ❀
|c|☆Tapler ❀|didn't expect the TR out of you lol
|c|☆isocon|i dont know this tier like at all
|c|☆isocon|and i heard tr mentioned once
|l|+Paul(Paulluxx)
|c|☆isocon|so i looked at it and it seemed brainless enough
|c|☆Tapler ❀|ye team's cool
|c|☆Tapler ❀|haven't seen TR slowton or whimsi before
|c|☆Tapler ❀|and glasnow's really funny over ava
|c|☆Tapler ❀|want me to make the post?
|c|☆isocon|yeah alr
|c|☆isocon|whimsi was basically i wanted a defogger that wasnt 2hkoed by ava and didnt lose to arctres which is why i didnt go mesflame
|c|☆isocon|i probably shouldve tested a bit though lol this was my first game
|c|☆Tapler ❀|pretty good for a first game</script>
</div>
<div class="battle-log battle-log-inline"><div class="inner"><div class="battle-options"><div style="padding-top: 3px; padding-right: 3px; text-align: right"><button class="icon button" name="openBattleOptions" title="Options">Battle Options</button></div></div><div class="inner message-log"><div class="chat"><div class="broadcast-red"><strong>This battle is invite-only!</strong><br>Users must be invited with <code>/invite</code> (or be staff) to join</div></div><div class="chat"><small>☆Tapler ❀ and ☆isocon joined</small></div><div class=""><small>Format:</small> <br><strong>[Gen 8] Fusion Evolution UU</strong></div><div class=""><small><em>HP Percentage Mod:</em> HP is shown in percentages</small></div><div class=""><small><em>Endless Battle Clause:</em> Forcing endless battles is banned</small></div><div class=""><small><em>OHKO Clause:</em> OHKO moves are banned</small></div><div class=""><small><em>Evasion Moves Clause:</em> Evasion moves are banned</small></div><div class=""><small><em>Species Clause:</em> Limit one of each Pokémon</small></div><div class=""><small><em>Dynamax Clause:</em> You cannot dynamax</small></div><div class=""><small><em>Sleep Clause Mod:</em> Limit one foe put to sleep</small></div><div class=""><small><em>Z-Move Clause:</em> Z-Moves are banned</small></div><div class="chat battle-history"><strong>Tapler ❀'s team:</strong> <em style="color:#445566;display:block;">Grimmlurk / Sableior / Jirachonator / Kommo-tot / Arctres-Galar / Corveot</em></div><div class="chat battle-history"><strong>isocon's team:</strong> <em style="color:#445566;display:block;">Slowton / Hattaka / Glasnow / Porygrigus / Crawmise / Whimsilotic</em></div><div class="chat chatmessage-isocon"><strong style="color:#616adf"><small>☆</small><span class="username" data-name="isocon">isocon</span>:</strong> <em>glhf</em></div><div class="chat chatmessage-tapler mine"><strong style="color:#b48122"><small>☆</small><span class="username" data-name="Tapler ❀">Tapler ❀</span>:</strong> <em>ditto</em></div><div class="chat chatmessage-isocon"><strong style="color:#616adf"><small>☆</small><span class="username" data-name="isocon">isocon</span>:</strong> <em>do you mind me inviting people</em></div><div class="chat chatmessage-tapler mine"><strong style="color:#b48122"><small>☆</small><span class="username" data-name="Tapler ❀">Tapler ❀</span>:</strong> <em>nope</em></div><div class="chat chatmessage-isocon"><strong style="color:#616adf"><small>☆</small><span class="username" data-name="isocon">isocon</span>:</strong> <em>by people i mean paul</em></div><div class="chat chatmessage-isocon"><strong style="color:#616adf"><small>☆</small><span class="username" data-name="isocon">isocon</span>:</strong> <em>ok thanks</em></div><div class="chat chatmessage-isocon"><span class="message-log">Paul(Paulluxx) was invited (and promoted to Room Voice) by isocon.</span></div><div class="chat"><small>+Paul(Paulluxx) joined</small></div><div class="chat chatmessage-paulpaulluxx"><strong style="color:#17849a"><small>+</small><span class="username" data-name="Paul(Paulluxx)">Paul(Paulluxx)</span>:</strong> <em>isoclown go </em></div><div class="spacer battle-history"><br></div><div class="battle-history">Battle started between Tapler ❀ and isocon!<br></div><div class="spacer battle-history"><br></div><div class="battle-history">Go! lmaobirb (<strong>Corveot</strong>)!<br></div><div class="spacer battle-history"><br></div><div class="battle-history">isocon sent out <strong>Hattaka</strong>!<br></div><div class="chat"><ul class="utilichart"><li class="result"><span class="col pokemonnamecol" style="white-space: nowrap">Corveot</span> <span class="col typecol"><img src="https://dragonheaven.herokuapp.com/sprites/types/Steel.png" alt="Steel" height="14" width="32"><img src="https://dragonheaven.herokuapp.com/sprites/types/Flying.png" alt="Flying" height="14" width="32"></span> <span style="float: left ; min-height: 26px"><span class="col abilitycol">Big Pressure</span><span class="col abilitycol"></span></span></li><li style="clear: both"></li></ul></div><div class="chat"><ul class="utilichart"><li class="result"><span style="float: left ; min-height: 26px"><span class="col statcol"><em>HP</em><br>95</span> <span class="col statcol"><em>Atk</em><br>85</span> <span class="col statcol"><em>Def</em><br>110</span> <span class="col statcol"><em>SpA</em><br>70</span> <span class="col statcol"><em>SpD</em><br>80</span> <span class="col statcol"><em>Spe</em><br>85</span> </span></li><li style="clear: both"></li></ul></div><div class="battle-history">[lmaobirb's Big Pressure]<br></div><div class="chat"><ul class="utilichart"><li class="result"><span class="col pokemonnamecol" style="white-space: nowrap">Hattaka</span> <span class="col typecol"><img src="https://dragonheaven.herokuapp.com/sprites/types/Psychic.png" alt="Psychic" height="14" width="32"><img src="https://dragonheaven.herokuapp.com/sprites/types/Steel.png" alt="Steel" height="14" width="32"></span> <span style="float: left ; min-height: 26px"><span class="col abilitycol">Magic Beast</span><span class="col abilitycol"></span></span></li><li style="clear: both"></li></ul></div><div class="chat"><ul class="utilichart"><li class="result"><span style="float: left ; min-height: 26px"><span class="col statcol"><em>HP</em><br>60</span> <span class="col statcol"><em>Atk</em><br>128</span> <span class="col statcol"><em>Def</em><br>155</span> <span class="col statcol"><em>SpA</em><br>110</span> <span class="col statcol"><em>SpD</em><br>105</span> <span class="col statcol"><em>Spe</em><br>21</span> </span></li><li style="clear: both"></li></ul></div><div class="battle-history"><small>The opposing Hattaka floats in the air with its Air Balloon!</small><br></div><div class="spacer battle-history"><br></div><h2 class="battle-history">Turn 1</h2><div class="spacer battle-history"><br></div><div class="battle-history"><small>lmaobirb's Pidgeotite is reacting to the Key Stone!</small><br>lmaobirb has Mega Evolved into Mega Corveot!<br></div><div class="chat"><ul class="utilichart"><li class="result"><span class="col pokemonnamecol" style="white-space: nowrap">Corveot-Mega</span> <span class="col typecol"><img src="https://dragonheaven.herokuapp.com/sprites/types/Steel.png" alt="Steel" height="14" width="32"><img src="https://dragonheaven.herokuapp.com/sprites/types/Flying.png" alt="Flying" height="14" width="32"></span> <span style="float: left ; min-height: 26px"><span class="col abilitycol">No Guard</span><span class="col abilitycol"></span></span><span style="float: left ; min-height: 26px"><span class="col statcol"><em>HP</em><br>95</span> <span class="col statcol"><em>Atk</em><br>85</span> <span class="col statcol"><em>Def</em><br>115</span> <span class="col statcol"><em>SpA</em><br>135</span> <span class="col statcol"><em>SpD</em><br>90</span> <span class="col statcol"><em>Spe</em><br>105</span> </span></li><li style="clear: both"></li></ul></div><div class="spacer battle-history"><br></div><div class="battle-history">lmaobirb used <strong>Nasty Plot</strong>!<br></div><div class="battle-history"><small>lmaobirb's Sp. Atk rose sharply!</small><br></div><div class="spacer battle-history"><br></div><div class="battle-history">The opposing Hattaka used <strong>Trick Room</strong>!<br></div><div class="battle-history"><small>The opposing Hattaka twisted the dimensions!</small><br></div><div class="spacer battle-history"><br></div><h2 class="battle-history">Turn 2</h2><div class="spacer battle-history"><br></div><div class="battle-history">The opposing Hattaka used <strong>Stealth Rock</strong>!<br></div><div class="battle-history"><small>Pointed stones float in the air around your team!</small><br></div><div class="spacer battle-history"><br></div><div class="battle-history">lmaobirb used <strong>Heat Wave</strong>!<br></div><div class="battle-history"><small>It's super effective!</small><br></div><div class="battle-history"><small>(The opposing Hattaka lost 95% of its health!)</small><br></div><div class="battle-history"><small>The opposing Hattaka's Air Balloon popped!</small><br></div><div class="spacer battle-history"><br></div><h2 class="battle-history">Turn 3</h2><div class="spacer battle-history"><br></div><div class="battle-history">The opposing Hattaka used <strong>Healing Wish</strong>!<br></div><div class="spacer battle-history"><br></div><div class="battle-history">The opposing Hattaka fainted!<br></div><div class="battle-history">lmaobirb used <strong>Hurricane</strong>!<br></div><div class="battle-history"><small>But it failed!</small><br></div><div class="spacer battle-history"><br></div><div class="battle-history">isocon sent out <strong>Slowton</strong>!<br></div><div class="chat"><ul class="utilichart"><li class="result"><span class="col pokemonnamecol" style="white-space: nowrap">Slowton</span> <span class="col typecol"><img src="https://dragonheaven.herokuapp.com/sprites/types/Poison.png" alt="Poison" height="14" width="32"><img src="https://dragonheaven.herokuapp.com/sprites/types/Electric.png" alt="Electric" height="14" width="32"></span> <span style="float: left ; min-height: 26px"><span class="col abilitycol">Surgeon Eye</span><span class="col abilitycol"></span></span></li><li style="clear: both"></li></ul></div><div class="chat"><ul class="utilichart"><li class="result"><span style="float: left ; min-height: 26px"><span class="col statcol"><em>HP</em><br>92</span> <span class="col statcol"><em>Atk</em><br>62</span> <span class="col statcol"><em>Def</em><br>97</span> <span class="col statcol"><em>SpA</em><br>115</span> <span class="col statcol"><em>SpD</em><br>100</span> <span class="col statcol"><em>Spe</em><br>50</span> </span></li><li style="clear: both"></li></ul></div><div class="spacer battle-history"><br></div><h2 class="battle-history">Turn 4</h2><div class="spacer battle-history"><br></div><div class="battle-history">lmaobirb, come back!<br></div><div class="battle-history">Go! Lancer (<strong>Arctres-Galar</strong>)!<br></div><div class="chat"><ul class="utilichart"><li class="result"><span class="col pokemonnamecol" style="white-space: nowrap">Arctres-Galar</span> <span class="col typecol"><img src="https://dragonheaven.herokuapp.com/sprites/types/Fire.png" alt="Fire" height="14" width="32"><img src="https://dragonheaven.herokuapp.com/sprites/types/Dark.png" alt="Dark" height="14" width="32"></span> <span style="float: left ; min-height: 26px"><span class="col abilitycol">Debilitate</span><span class="col abilitycol"></span></span></li><li style="clear: both"></li></ul></div><div class="chat"><ul class="utilichart"><li class="result"><span style="float: left ; min-height: 26px"><span class="col statcol"><em>HP</em><br>90</span> <span class="col statcol"><em>Atk</em><br>112</span> <span class="col statcol"><em>Def</em><br>95</span> <span class="col statcol"><em>SpA</em><br>102</span> <span class="col statcol"><em>SpD</em><br>105</span> <span class="col statcol"><em>Spe</em><br>102</span> </span></li><li style="clear: both"></li></ul></div><div class="battle-history">[Lancer's Debilitate]<br></div><div class="battle-history"><small>The opposing Slowton's Sp. Atk fell!</small><br></div><div class="spacer battle-history"><br></div><div class="battle-history">The opposing Slowton used <strong>Volt Switch</strong>!<br></div><div class="battle-history"><small>(Lancer lost <abbr title="−140/321">43.6%</abbr> of its health!)</small><br></div><div class="battle-history"><small>The opposing Slowton lost some of its HP!</small><br></div><div class="spacer battle-history"><br></div><div class="battle-history">The opposing Slowton went back to isocon!<br></div><div class="battle-history">isocon sent out <strong>Glasnow</strong>!<br></div><div class="chat"><ul class="utilichart"><li class="result"><span class="col pokemonnamecol" style="white-space: nowrap">Glasnow</span> <span class="col typecol"><img src="https://dragonheaven.herokuapp.com/sprites/types/Ice.png" alt="Ice" height="14" width="32"></span> <span style="float: left ; min-height: 26px"><span class="col abilitycol">Sound Neigh</span><span class="col abilitycol"></span></span></li><li style="clear: both"></li></ul></div><div class="chat"><ul class="utilichart"><li class="result"><span style="float: left ; min-height: 26px"><span class="col statcol"><em>HP</em><br>100</span> <span class="col statcol"><em>Atk</em><br>130</span> <span class="col statcol"><em>Def</em><br>120</span> <span class="col statcol"><em>SpA</em><br>80</span> <span class="col statcol"><em>SpD</em><br>100</span> <span class="col statcol"><em>Spe</em><br>45</span> </span></li><li style="clear: both"></li></ul></div><div class="spacer battle-history"><br></div><h2 class="battle-history">Turn 5</h2><div class="spacer battle-history"><br></div><div class="battle-history"><small>The opposing Glasnow's Abomasite is reacting to the Key Stone!</small><br>The opposing Glasnow has Mega Evolved into Mega Glasnow!<br></div><div class="battle-history">[The opposing Glasnow's Snow Warning]<br><small>It started to hail!</small><br></div><div class="chat"><ul class="utilichart"><li class="result"><span class="col pokemonnamecol" style="white-space: nowrap">Glasnow-Mega</span> <span class="col typecol"><img src="https://dragonheaven.herokuapp.com/sprites/types/Ice.png" alt="Ice" height="14" width="32"></span> <span style="float: left ; min-height: 26px"><span class="col abilitycol">Snow Warning</span><span class="col abilitycol"></span></span><span style="float: left ; min-height: 26px"><span class="col statcol"><em>HP</em><br>100</span> <span class="col statcol"><em>Atk</em><br>170</span> <span class="col statcol"><em>Def</em><br>150</span> <span class="col statcol"><em>SpA</em><br>120</span> <span class="col statcol"><em>SpD</em><br>120</span> <span class="col statcol"><em>Spe</em><br>15</span> </span></li><li style="clear: both"></li></ul></div><div class="spacer battle-history"><br></div><div class="battle-history">The opposing Glasnow used <strong>Earthquake</strong>!<br></div><div class="battle-history"><small>It's super effective!</small><br></div><div class="battle-history"><small>(Lancer lost <abbr title="−181/321">56.4%</abbr> of its health!)</small><br></div><div class="spacer battle-history"><br></div><div class="battle-history">Lancer fainted!<br></div><div class="spacer battle-history"><br></div><div class="battle-history"><small>(The hail is crashing down.)</small><br></div><div class="battle-history"><small>The twisted dimensions returned to normal!</small><br></div><div class="spacer battle-history"><br></div><div class="battle-history">Go! Magma (<strong>Grimmlurk</strong>)!<br></div><div class="chat"><ul class="utilichart"><li class="result"><span class="col pokemonnamecol" style="white-space: nowrap">Grimmlurk</span> <span class="col typecol"><img src="https://dragonheaven.herokuapp.com/sprites/types/Fairy.png" alt="Fairy" height="14" width="32"><img src="https://dragonheaven.herokuapp.com/sprites/types/Ghost.png" alt="Ghost" height="14" width="32"></span> <span style="float: left ; min-height: 26px"><span class="col abilitycol">Not Funny</span><span class="col abilitycol"></span></span></li><li style="clear: both"></li></ul></div><div class="chat"><ul class="utilichart"><li class="result"><span style="float: left ; min-height: 26px"><span class="col statcol"><em>HP</em><br>95</span> <span class="col statcol"><em>Atk</em><br>125</span> <span class="col statcol"><em>Def</em><br>90</span> <span class="col statcol"><em>SpA</em><br>75</span> <span class="col statcol"><em>SpD</em><br>90</span> <span class="col statcol"><em>Spe</em><br>60</span> </span></li><li style="clear: both"></li></ul></div><div class="battle-history"><small>Pointed stones dug into Magma!</small><br></div><div class="spacer battle-history"><br></div><h2 class="battle-history">Turn 6</h2><div class="spacer battle-history"><br></div><div class="battle-history">isocon withdrew Glasnow!<br></div><div class="battle-history">isocon sent out <strong>Porygrigus</strong>!<br></div><div class="chat"><ul class="utilichart"><li class="result"><span class="col pokemonnamecol" style="white-space: nowrap">Porygrigus</span> <span class="col typecol"><img src="https://dragonheaven.herokuapp.com/sprites/types/Normal.png" alt="Normal" height="14" width="32"><img src="https://dragonheaven.herokuapp.com/sprites/types/Ghost.png" alt="Ghost" height="14" width="32"></span> <span style="float: left ; min-height: 26px"><span class="col abilitycol">Pillage</span><span class="col abilitycol"></span></span></li><li style="clear: both"></li></ul></div><div class="chat"><ul class="utilichart"><li class="result"><span style="float: left ; min-height: 26px"><span class="col statcol"><em>HP</em><br>71</span> <span class="col statcol"><em>Atk</em><br>65</span> <span class="col statcol"><em>Def</em><br>130</span> <span class="col statcol"><em>SpA</em><br>108</span> <span class="col statcol"><em>SpD</em><br>100</span> <span class="col statcol"><em>Spe</em><br>45</span> </span></li><li style="clear: both"></li></ul></div><div class="battle-history">[The opposing Porygrigus's Pillage]<br></div><div class="battle-history"><small>The opposing Porygrigus swapped Abilities with its target!</small><br></div><div class="battle-history">[The opposing Porygrigus's Not Funny]<br></div><div class="battle-history">[Magma's Pillage]<br></div><div class="spacer battle-history"><br></div><div class="battle-history">Magma used <strong>Reflect</strong>!<br></div><div class="battle-history"><small>Reflect made your team stronger against physical moves!</small><br></div><div class="spacer battle-history"><br></div><div class="battle-history"><small>(The hail is crashing down.)</small><br></div><div class="battle-history"><small>Magma is buffeted by the hail!</small><br></div><div class="battle-history"><small>The opposing Porygrigus is buffeted by the hail!</small><br></div><div class="spacer battle-history"><br></div><h2 class="battle-history">Turn 7</h2><div class="spacer battle-history"><br></div><div class="battle-history">Magma used <strong>Taunt</strong>!<br></div><div class="battle-history"><small>The opposing Porygrigus fell for the taunt!</small><br></div><div class="spacer battle-history"><br></div><div class="battle-history">The opposing Porygrigus can't use Trick Room after the taunt!<br></div><div class="spacer battle-history"><br></div><div class="battle-history"><small>(The hail is crashing down.)</small><br></div><div class="battle-history"><small>Magma is buffeted by the hail!</small><br></div><div class="battle-history"><small>The opposing Porygrigus is buffeted by the hail!</small><br></div><div class="spacer battle-history"><br></div><h2 class="battle-history">Turn 8</h2><div class="spacer battle-history"><br></div><div class="battle-history">isocon withdrew Porygrigus!<br></div><div class="battle-history">isocon sent out <strong>Slowton</strong>!<br></div><div class="spacer battle-history"><br></div><div class="battle-history">Magma used <strong>Light Screen</strong>!<br></div><div class="battle-history"><small>Light Screen made your team stronger against special moves!</small><br></div><div class="spacer battle-history"><br></div><div class="battle-history"><small>(The hail is crashing down.)</small><br></div><div class="battle-history"><small>Magma is buffeted by the hail!</small><br></div><div class="battle-history"><small>The opposing Slowton is buffeted by the hail!</small><br></div><div class="spacer battle-history"><br></div><h2 class="battle-history">Turn 9</h2><div class="spacer battle-history"><br></div><div class="battle-history">Magma used <strong>Taunt</strong>!<br></div><div class="battle-history"><small>The opposing Slowton fell for the taunt!</small><br></div><div class="spacer battle-history"><br></div><div class="battle-history">The opposing Slowton used <strong>Sludge Bomb</strong>!<br></div><div class="battle-history"><small>(Magma lost <abbr title="−101/394">25.6%</abbr> of its health!)</small><br></div><div class="battle-history"><small>The opposing Slowton lost some of its HP!</small><br></div><div class="spacer battle-history"><br></div><div class="battle-history"><small>The hail stopped.</small><br></div><div class="spacer battle-history"><br></div><h2 class="battle-history">Turn 10</h2><div class="spacer battle-history"><br></div><div class="battle-history">Magma, come back!<br></div><div class="battle-history">Go! "RU" (<strong>Kommo-tot</strong>)!<br></div><div class="battle-history"><small>Pointed stones dug into "RU"!</small><br></div><div class="chat"><ul class="utilichart"><li class="result"><span class="col pokemonnamecol" style="white-space: nowrap">Kommo-tot</span> <span class="col typecol"><img src="https://dragonheaven.herokuapp.com/sprites/types/Normal.png" alt="Normal" height="14" width="32"><img src="https://dragonheaven.herokuapp.com/sprites/types/Dragon.png" alt="Dragon" height="14" width="32"></span> <span style="float: left ; min-height: 26px"><span class="col abilitycol">Bulletpecks</span><span class="col abilitycol"></span></span></li><li style="clear: both"></li></ul></div><div class="chat"><ul class="utilichart"><li class="result"><span style="float: left ; min-height: 26px"><span class="col statcol"><em>HP</em><br>90</span> <span class="col statcol"><em>Atk</em><br>90</span> <span class="col statcol"><em>Def</em><br>85</span> <span class="col statcol"><em>SpA</em><br>96</span> <span class="col statcol"><em>SpD</em><br>90</span> <span class="col statcol"><em>Spe</em><br>90</span> </span></li><li style="clear: both"></li></ul></div><div class="spacer battle-history"><br></div><div class="battle-history">The opposing Slowton used <strong>Volt Switch</strong>!<br></div><div class="battle-history"><small>It's not very effective...</small><br></div><div class="battle-history"><small>("RU" lost <abbr title="−59/321">18.4%</abbr> of its health!)</small><br></div><div class="battle-history"><small>The opposing Slowton lost some of its HP!</small><br></div><div class="spacer battle-history"><br></div><div class="battle-history">The opposing Slowton went back to isocon!<br></div><div class="battle-history">isocon sent out <strong>Whimsilotic</strong>!<br></div><div class="chat"><ul class="utilichart"><li class="result"><span class="col pokemonnamecol" style="white-space: nowrap">Whimsilotic</span> <span class="col typecol"><img src="https://dragonheaven.herokuapp.com/sprites/types/Water.png" alt="Water" height="14" width="32"><img src="https://dragonheaven.herokuapp.com/sprites/types/Fairy.png" alt="Fairy" height="14" width="32"></span> <span style="float: left ; min-height: 26px"><span class="col abilitycol">Covert Ops</span><span class="col abilitycol"></span></span></li><li style="clear: both"></li></ul></div><div class="chat"><ul class="utilichart"><li class="result"><span style="float: left ; min-height: 26px"><span class="col statcol"><em>HP</em><br>85</span> <span class="col statcol"><em>Atk</em><br>63</span> <span class="col statcol"><em>Def</em><br>85</span> <span class="col statcol"><em>SpA</em><br>105</span> <span class="col statcol"><em>SpD</em><br>105</span> <span class="col statcol"><em>Spe</em><br>105</span> </span></li><li style="clear: both"></li></ul></div><div class="spacer battle-history"><br></div><h2 class="battle-history">Turn 11</h2><div class="chat"><div class="message"><ul class="utilichart"><li class="result"><span class="col numcol">FERU</span> <span class="col iconcol"><span class="picon" style="background: transparent url(&quot;https://raw.githubusercontent.com/scoopapa/dh/master/data/mods/feuu/sprites/icons/kommotot.png&quot;) no-repeat scroll -0px -0px"></span></span> <span class="col pokemonnamecol" style="white-space: nowrap"><a href="https://dex.pokemonshowdown.com/pokemon/kommotot" target="_blank" rel="noopener">Kommo-tot</a></span> <span class="col typecol"><img src="https://dragonheaven.herokuapp.com/sprites/types/Normal.png" alt="Normal" height="14" width="32"><img src="https://dragonheaven.herokuapp.com/sprites/types/Dragon.png" alt="Dragon" height="14" width="32"></span> <span style="float: left ; min-height: 26px"><span class="col abilitycol">Bulletpecks</span><span class="col abilitycol"></span></span><span style="float: left ; min-height: 26px"><span class="col statcol"><em>HP</em><br>90</span> <span class="col statcol"><em>Atk</em><br>90</span> <span class="col statcol"><em>Def</em><br>85</span> <span class="col statcol"><em>SpA</em><br>96</span> <span class="col statcol"><em>SpD</em><br>90</span> <span class="col statcol"><em>Spe</em><br>90</span> <span class="col bstcol"><em>BST<br>541</em></span> </span></li><li style="clear: both"></li></ul></div></div><div class="chat"><font size="1"><font color="#686868">Dex#:</font> 155&nbsp;|  <font color="#686868">Gen:</font> 2&nbsp;|  <font color="#686868">Height:</font> 0 m&nbsp;|  <font color="#686868">Weight:</font> 40.1 kg <em>(60 BP)</em>&nbsp;|  Egg Group(s)&nbsp;|  <font color="#686868">Does Not Evolve</font></font></div><div class="spacer battle-history"><br></div><div class="battle-history">"RU" used <strong>Boomburst</strong>!<br></div><div class="battle-history"><small>(The opposing Whimsilotic lost 34% of its health!)</small><br></div><div class="battle-history"><small>("RU" used its Throat Spray!)</small><br></div><div class="battle-history"><small>The Throat Spray raised "RU"'s Sp. Atk!</small><br></div><div class="spacer battle-history"><br></div><div class="battle-history">The opposing Whimsilotic used <strong>Trick Room</strong>!<br></div><div class="battle-history"><small>The opposing Whimsilotic twisted the dimensions!</small><br></div><div class="spacer battle-history"><br></div><div class="battle-history"><small>The opposing Whimsilotic restored a little HP using its Leftovers!</small><br></div><div class="spacer battle-history"><br></div><h2 class="battle-history">Turn 12</h2><div class="spacer battle-history"><br></div><div class="battle-history">The opposing Whimsilotic used <strong>Recover</strong>!<br></div><div class="battle-history"><small>The opposing Whimsilotic had its HP restored.</small><br></div><div class="spacer battle-history"><br></div><div class="battle-history">"RU" used <strong>Boomburst</strong>!<br></div><div class="battle-history"><small>(The opposing Whimsilotic lost 59% of its health!)</small><br></div><div class="spacer battle-history"><br></div><div class="battle-history"><small>The opposing Whimsilotic restored a little HP using its Leftovers!</small><br></div><div class="spacer battle-history"><br></div><h2 class="battle-history">Turn 13</h2><div class="spacer battle-history"><br></div><div class="battle-history">isocon withdrew Whimsilotic!<br></div><div class="battle-history">isocon sent out <strong>Porygrigus</strong>!<br></div><div class="battle-history"><small>The healing wish came true for the opposing Porygrigus!</small><br></div><div class="battle-history">[The opposing Porygrigus's Pillage]<br></div><div class="battle-history"><small>The opposing Porygrigus swapped Abilities with its target!</small><br></div><div class="battle-history">[The opposing Porygrigus's Bulletpecks]<br></div><div class="battle-history">["RU"'s Pillage]<br></div><div class="spacer battle-history"><br></div><div class="battle-history">"RU" used <strong>Clangorous Soul</strong>!<br></div><div class="battle-history"><small>"RU"'s Attack rose!</small><br></div><div class="battle-history"><small>"RU"'s Defense rose!</small><br></div><div class="battle-history"><small>"RU"'s Sp. Atk rose!</small><br></div><div class="battle-history"><small>"RU"'s Sp. Def rose!</small><br></div><div class="battle-history"><small>"RU"'s Speed rose!</small><br></div><div class="battle-history"><small>("RU" lost <abbr title="−105/321">32.7%</abbr> of its health!)</small><br></div><div class="spacer battle-history"><br></div><div class="battle-history"><small>Your team's Reflect wore off!</small><br></div><div class="spacer battle-history"><br></div><h2 class="battle-history">Turn 14</h2><div class="spacer battle-history"><br></div><div class="battle-history">"RU" used <strong>Flamethrower</strong>!<br></div><div class="battle-history"><small>(The opposing Porygrigus lost 49% of its health!)</small><br></div><div class="spacer battle-history"><br></div><div class="battle-history">The opposing Porygrigus used <strong>Teleport</strong>!<br></div><div class="spacer battle-history"><br></div><div class="battle-history">isocon withdrew Porygrigus!<br></div><div class="battle-history">isocon sent out Glasnow (<strong>Glasnow-Mega</strong>)!<br></div><div class="battle-history">[The opposing Glasnow's Snow Warning]<br><small>It started to hail!</small><br></div><div class="spacer battle-history"><br></div><div class="battle-history"><small>(The hail is crashing down.)</small><br></div><div class="battle-history"><small>"RU" is buffeted by the hail!</small><br></div><div class="spacer battle-history"><br></div><h2 class="battle-history">Turn 15</h2><div class="spacer battle-history"><br></div><div class="battle-history">The opposing Glasnow used <strong>Icicle Crash</strong>!<br></div><div class="battle-history"><small>It's super effective!</small><br></div><div class="battle-history"><small>("RU" lost <abbr title="−97/321">30.2%</abbr> of its health!)</small><br></div><div class="spacer battle-history"><br></div><div class="battle-history">"RU" fainted!<br></div><div class="spacer battle-history"><br></div><div class="battle-history"><small>(The hail is crashing down.)</small><br></div><div class="battle-history"><small>Your team's Light Screen wore off!</small><br></div><div class="battle-history"><small>The twisted dimensions returned to normal!</small><br></div><div class="spacer battle-history"><br></div><div class="battle-history">Go! Magma (<strong>Grimmlurk</strong>)!<br></div><div class="battle-history"><small>Pointed stones dug into Magma!</small><br></div><div class="spacer battle-history"><br></div><h2 class="battle-history">Turn 16</h2><div class="spacer battle-history"><br></div><div class="battle-history">Magma used <strong>Reflect</strong>!<br></div><div class="battle-history"><small>Reflect made your team stronger against physical moves!</small><br></div><div class="spacer battle-history"><br></div><div class="battle-history">The opposing Glasnow used <strong>Swords Dance</strong>!<br></div><div class="battle-history"><small>The opposing Glasnow's Attack rose sharply!</small><br></div><div class="spacer battle-history"><br></div><div class="battle-history"><small>(The hail is crashing down.)</small><br></div><div class="battle-history"><small>Magma is buffeted by the hail!</small><br></div><div class="spacer battle-history"><br></div><h2 class="battle-history">Turn 17</h2><div class="spacer battle-history"><br></div><div class="battle-history">Magma used <strong>Light Screen</strong>!<br></div><div class="battle-history"><small>Light Screen made your team stronger against special moves!</small><br></div><div class="spacer battle-history"><br></div><div class="battle-history">The opposing Glasnow used <strong>Icicle Crash</strong>!<br></div><div class="battle-history"><small>(Magma lost <abbr title="−99/394">25.1%</abbr> of its health!)</small><br></div><div class="spacer battle-history"><br></div><div class="battle-history">Magma fainted!<br></div><div class="spacer battle-history"><br></div><div class="battle-history"><small>(The hail is crashing down.)</small><br></div><div class="spacer battle-history"><br></div><div class="battle-history">Go! lmaobirb (<strong>Corveot-Mega</strong>)!<br></div><div class="battle-history"><small>Pointed stones dug into lmaobirb!</small><br></div><div class="spacer battle-history"><br></div><h2 class="battle-history">Turn 18</h2><div class="spacer battle-history"><br></div><div class="battle-history">lmaobirb used <strong>Steel Beam</strong>!<br></div><div class="battle-history"><small>It's super effective!</small><br></div><div class="battle-history"><small>(The opposing Glasnow lost 100% of its health!)</small><br></div><div class="battle-history"><small>(lmaobirb cut its own HP to power up its move!)</small><br></div><div class="spacer battle-history"><br></div><div class="battle-history">The opposing Glasnow fainted!<br></div><div class="spacer battle-history"><br></div><div class="battle-history"><small>The hail stopped.</small><br></div><div class="spacer battle-history"><br></div><div class="battle-history">isocon sent out <strong>Slowton</strong>!<br></div><div class="spacer battle-history"><br></div><h2 class="battle-history">Turn 19</h2><div class="spacer battle-history"><br></div><div class="battle-history">lmaobirb, come back!<br></div><div class="battle-history">Go! Fren (<strong>Sableior</strong>)!<br></div><div class="battle-history"><small>Pointed stones dug into Fren!</small><br></div><div class="chat"><ul class="utilichart"><li class="result"><span class="col pokemonnamecol" style="white-space: nowrap">Sableior</span> <span class="col typecol"><img src="https://dragonheaven.herokuapp.com/sprites/types/Rock.png" alt="Rock" height="14" width="32"><img src="https://dragonheaven.herokuapp.com/sprites/types/Ghost.png" alt="Ghost" height="14" width="32"></span> <span style="float: left ; min-height: 26px"><span class="col abilitycol">Mode Shift</span><span class="col abilitycol"></span></span></li><li style="clear: both"></li></ul></div><div class="chat"><ul class="utilichart"><li class="result"><span style="float: left ; min-height: 26px"><span class="col statcol"><em>HP</em><br>55</span> <span class="col statcol"><em>Atk</em><br>107</span> <span class="col statcol"><em>Def</em><br>67</span> <span class="col statcol"><em>SpA</em><br>102</span> <span class="col statcol"><em>SpD</em><br>62</span> <span class="col statcol"><em>Spe</em><br>115</span> </span></li><li style="clear: both"></li></ul></div><div class="battle-history">[Fren's Mode Shift]<br></div><div class="spacer battle-history"><br></div><div class="battle-history">The opposing Slowton used <strong>Trick Room</strong>!<br></div><div class="battle-history"><small>The opposing Slowton twisted the dimensions!</small><br></div><div class="spacer battle-history"><br></div><h2 class="battle-history">Turn 20</h2><div class="spacer battle-history"><br></div><div class="battle-history">The opposing Slowton used <strong>Volt Switch</strong>!<br></div><div class="battle-history"><small>(Fren lost <abbr title="−77/251">30.7%</abbr> of its health!)</small><br></div><div class="battle-history"><small>The opposing Slowton lost some of its HP!</small><br></div><div class="spacer battle-history"><br></div><div class="battle-history">The opposing Slowton went back to isocon!<br></div><div class="battle-history">isocon sent out <strong>Crawmise</strong>!<br></div><div class="chat"><ul class="utilichart"><li class="result"><span class="col pokemonnamecol" style="white-space: nowrap">Crawmise</span> <span class="col typecol"><img src="https://dragonheaven.herokuapp.com/sprites/types/Dark.png" alt="Dark" height="14" width="32"><img src="https://dragonheaven.herokuapp.com/sprites/types/Grass.png" alt="Grass" height="14" width="32"></span> <span style="float: left ; min-height: 26px"><span class="col abilitycol">Workability</span><span class="col abilitycol"></span></span></li><li style="clear: both"></li></ul></div><div class="chat"><ul class="utilichart"><li class="result"><span style="float: left ; min-height: 26px"><span class="col statcol"><em>HP</em><br>80</span> <span class="col statcol"><em>Atk</em><br>125</span> <span class="col statcol"><em>Def</em><br>100</span> <span class="col statcol"><em>SpA</em><br>90</span> <span class="col statcol"><em>SpD</em><br>85</span> <span class="col statcol"><em>Spe</em><br>50</span> </span></li><li style="clear: both"></li></ul></div><div class="battle-history">[Fren's Mode Shift]<br></div><div class="spacer battle-history"><br></div><div class="battle-history">Fren used <strong>Earthquake</strong>!<br></div><div class="battle-history"><small>It's not very effective...</small><br></div><div class="battle-history"><small>(The opposing Crawmise lost 15% of its health!)</small><br></div><div class="spacer battle-history"><br></div><h2 class="battle-history">Turn 21</h2><div class="spacer battle-history"><br></div><div class="battle-history">The opposing Crawmise used <strong>Knock Off</strong>!<br></div><div class="battle-history"><small>It's super effective!</small><br></div><div class="battle-history"><small>(Fren lost <abbr title="−143/251">57.0%</abbr> of its health!)</small><br></div><div class="battle-history"><small>The opposing Crawmise knocked off Fren's White Herb!</small><br></div><div class="battle-history"><small>The opposing Crawmise lost some of its HP!</small><br></div><div class="spacer battle-history"><br></div><div class="battle-history">Fren fainted!<br></div><div class="spacer battle-history"><br></div><div class="battle-history">Go! lmaobirb (<strong>Corveot-Mega</strong>)!<br></div><div class="battle-history"><small>Pointed stones dug into lmaobirb!</small><br></div><div class="spacer battle-history"><br></div><h2 class="battle-history">Turn 22</h2><div class="spacer battle-history"><br></div><div class="battle-history">The opposing Crawmise used <strong>Knock Off</strong>!<br></div><div class="battle-history"><small>(lmaobirb lost <abbr title="−83/331">25.1%</abbr> of its health!)</small><br></div><div class="battle-history"><small>The opposing Crawmise lost some of its HP!</small><br></div><div class="spacer battle-history"><br></div><div class="battle-history">lmaobirb fainted!<br></div><div class="spacer battle-history"><br></div><div class="battle-history">Go! Doof (<strong>Jirachonator</strong>)!<br></div><div class="chat"><ul class="utilichart"><li class="result"><span class="col pokemonnamecol" style="white-space: nowrap">Jirachonator</span> <span class="col typecol"><img src="https://dragonheaven.herokuapp.com/sprites/types/Steel.png" alt="Steel" height="14" width="32"><img src="https://dragonheaven.herokuapp.com/sprites/types/Dragon.png" alt="Dragon" height="14" width="32"></span> <span style="float: left ; min-height: 26px"><span class="col abilitycol">Shield Dust</span><span class="col abilitycol"></span></span></li><li style="clear: both"></li></ul></div><div class="chat"><ul class="utilichart"><li class="result"><span style="float: left ; min-height: 26px"><span class="col statcol"><em>HP</em><br>90</span> <span class="col statcol"><em>Atk</em><br>89</span> <span class="col statcol"><em>Def</em><br>117</span> <span class="col statcol"><em>SpA</em><br>115</span> <span class="col statcol"><em>SpD</em><br>102</span> <span class="col statcol"><em>Spe</em><br>68</span> </span></li><li style="clear: both"></li></ul></div><div class="battle-history"><small>Pointed stones dug into Doof!</small><br></div><div class="battle-history"><small>Doof floats in the air with its Air Balloon!</small><br></div><div class="spacer battle-history"><br></div><h2 class="battle-history">Turn 23</h2><div class="spacer battle-history"><br></div><div class="battle-history">The opposing Crawmise used <strong>Knock Off</strong>!<br></div><div class="battle-history"><small>(Doof lost <abbr title="−143/321">44.5%</abbr> of its health!)</small><br></div><div class="battle-history"><small>Doof's Air Balloon popped!</small><br></div><div class="battle-history"><small>The opposing Crawmise lost some of its HP!</small><br></div><div class="spacer battle-history"><br></div><div class="battle-history">Doof used <strong>Shell Smash</strong>!<br></div><div class="battle-history"><small>Doof's Defense fell!</small><br></div><div class="battle-history"><small>Doof's Sp. Def fell!</small><br></div><div class="battle-history"><small>Doof's Attack rose sharply!</small><br></div><div class="battle-history"><small>Doof's Sp. Atk rose sharply!</small><br></div><div class="battle-history"><small>Doof's Speed rose sharply!</small><br></div><div class="spacer battle-history"><br></div><div class="battle-history"><small>Your team's Reflect wore off!</small><br></div><div class="battle-history"><small>The twisted dimensions returned to normal!</small><br></div><div class="spacer battle-history"><br></div><h2 class="battle-history">Turn 24</h2><div class="spacer battle-history"><br></div><div class="battle-history">isocon withdrew Crawmise!<br></div><div class="battle-history">isocon sent out <strong>Porygrigus</strong>!<br></div><div class="battle-history">[The opposing Porygrigus's Pillage]<br></div><div class="battle-history"><small>The opposing Porygrigus swapped Abilities with its target!</small><br></div><div class="battle-history">[The opposing Porygrigus's Shield Dust]<br></div><div class="battle-history">[Doof's Pillage]<br></div><div class="spacer battle-history"><br></div><div class="battle-history">Doof used <strong>Flash Cannon</strong>!<br></div><div class="battle-history"><small>(The opposing Porygrigus lost 51% of its health!)</small><br></div><div class="spacer battle-history"><br></div><div class="battle-history">The opposing Porygrigus fainted!<br></div><div class="spacer battle-history"><br></div><div class="battle-history"><small>Your team's Light Screen wore off!</small><br></div><div class="chat"><div class="message"><ul class="utilichart"><li class="result"><span class="col numcol">FEUU</span> <span class="col iconcol"><span class="picon" style="background: transparent url(&quot;https://raw.githubusercontent.com/scoopapa/dh/master/data/mods/feuu/sprites/icons/whimsilotic.png&quot;) no-repeat scroll -0px -0px"></span></span> <span class="col pokemonnamecol" style="white-space: nowrap"><a href="https://dex.pokemonshowdown.com/pokemon/whimsilotic" target="_blank" rel="noopener">Whimsilotic</a></span> <span class="col typecol"><img src="https://dragonheaven.herokuapp.com/sprites/types/Water.png" alt="Water" height="14" width="32"><img src="https://dragonheaven.herokuapp.com/sprites/types/Fairy.png" alt="Fairy" height="14" width="32"></span> <span style="float: left ; min-height: 26px"><span class="col abilitycol">Covert Ops</span><span class="col abilitycol"></span></span><span style="float: left ; min-height: 26px"><span class="col statcol"><em>HP</em><br>85</span> <span class="col statcol"><em>Atk</em><br>63</span> <span class="col statcol"><em>Def</em><br>85</span> <span class="col statcol"><em>SpA</em><br>105</span> <span class="col statcol"><em>SpD</em><br>105</span> <span class="col statcol"><em>Spe</em><br>105</span> <span class="col bstcol"><em>BST<br>548</em></span> </span></li><li style="clear: both"></li></ul></div></div><div class="chat"><font size="1"><font color="#686868">Dex#:</font> 71&nbsp;|  <font color="#686868">Gen:</font> 1&nbsp;|  <font color="#686868">Height:</font> 0 m&nbsp;|  <font color="#686868">Weight:</font> 84.3 kg <em>(80 BP)</em>&nbsp;|  Egg Group(s)&nbsp;|  <font color="#686868">Does Not Evolve</font></font></div><div class="spacer battle-history"><br></div><div class="battle-history">isocon sent out <strong>Whimsilotic</strong>!<br></div><div class="spacer battle-history"><br></div><h2 class="battle-history">Turn 25</h2><div class="spacer battle-history"><br></div><div class="battle-history">Doof used <strong>Flash Cannon</strong>!<br></div><div class="battle-history"><small>(The opposing Whimsilotic lost 47% of its health!)</small><br></div><div class="spacer battle-history"><br></div><div class="battle-history">The opposing Whimsilotic fainted!<br></div><div class="spacer battle-history"><br></div><div class="battle-history">isocon sent out <strong>Slowton</strong>!<br></div><div class="spacer battle-history"><br></div><h2 class="battle-history">Turn 26</h2><div class="spacer battle-history"><br></div><div class="battle-history">Doof used <strong>Earthquake</strong>!<br></div><div class="battle-history"><small>It's super effective!</small><br></div><div class="battle-history"><small>(The opposing Slowton lost 100% of its health!)</small><br></div><div class="spacer battle-history"><br></div><div class="battle-history">The opposing Slowton fainted!<br></div><div class="chat chatmessage-isocon"><strong style="color:#616adf"><small>☆</small><span class="username" data-name="isocon">isocon</span>:</strong> <em>gg</em></div><div class="spacer battle-history"><br></div><div class="battle-history">isocon sent out <strong>Crawmise</strong>!<br></div><div class="spacer battle-history"><br></div><h2 class="battle-history">Turn 27</h2><div class="chat chatmessage-tapler mine"><strong style="color:#b48122"><small>☆</small><span class="username" data-name="Tapler ❀">Tapler ❀</span>:</strong> <em>gg</em></div><div class="spacer battle-history"><br></div><div class="battle-history">Doof used <strong>Dragon Pulse</strong>!<br></div><div class="battle-history"><small>(The opposing Crawmise lost 56% of its health!)</small><br></div><div class="spacer battle-history"><br></div><div class="battle-history">The opposing Crawmise fainted!<br></div><div class="spacer battle-history"><br></div><div class="battle-history"><strong>Tapler ❀</strong> won the battle!<br></div><div class="chat chatmessage-tapler mine"><strong style="color:#b48122"><small>☆</small><span class="username" data-name="Tapler ❀">Tapler ❀</span>:</strong> <em>didn't expect the TR out of you lol</em></div><div class="chat chatmessage-isocon"><strong style="color:#616adf"><small>☆</small><span class="username" data-name="isocon">isocon</span>:</strong> <em>i dont know this tier like at all</em></div><div class="chat chatmessage-isocon"><strong style="color:#616adf"><small>☆</small><span class="username" data-name="isocon">isocon</span>:</strong> <em>and i heard tr mentioned once</em></div><div class="chat"><small>+Paul(Paulluxx) left</small></div><div class="chat chatmessage-isocon"><strong style="color:#616adf"><small>☆</small><span class="username" data-name="isocon">isocon</span>:</strong> <em>so i looked at it and it seemed brainless enough</em></div><div class="chat chatmessage-tapler mine"><strong style="color:#b48122"><small>☆</small><span class="username" data-name="Tapler ❀">Tapler ❀</span>:</strong> <em>ye team's cool</em></div><div class="chat chatmessage-tapler mine"><strong style="color:#b48122"><small>☆</small><span class="username" data-name="Tapler ❀">Tapler ❀</span>:</strong> <em>haven't seen TR slowton or whimsi before</em></div><div class="chat chatmessage-tapler mine"><strong style="color:#b48122"><small>☆</small><span class="username" data-name="Tapler ❀">Tapler ❀</span>:</strong> <em>and glasnow's really funny over ava</em></div><div class="chat chatmessage-tapler mine"><strong style="color:#b48122"><small>☆</small><span class="username" data-name="Tapler ❀">Tapler ❀</span>:</strong> <em>want me to make the post?</em></div><div class="chat chatmessage-isocon"><strong style="color:#616adf"><small>☆</small><span class="username" data-name="isocon">isocon</span>:</strong> <em>yeah alr</em></div><div class="chat chatmessage-isocon"><strong style="color:#616adf"><small>☆</small><span class="username" data-name="isocon">isocon</span>:</strong> <em>whimsi was basically i wanted a defogger that wasnt 2hkoed by ava and didnt lose to arctres which is why i didnt go mesflame</em></div><div class="chat chatmessage-isocon"><strong style="color:#616adf"><small>☆</small><span class="username" data-name="isocon">isocon</span>:</strong> <em>i probably shouldve tested a bit though lol this was my first game</em></div><div class="chat chatmessage-tapler mine"><strong style="color:#b48122"><small>☆</small><span class="username" data-name="Tapler ❀">Tapler ❀</span>:</strong> <em>pretty good for a first game</em></div></div><div class="inner-preempt message-log"></div></div></div>
</div>
<script>
let daily = Math.floor(Date.now()/1000/60/60/24);document.write('<script src="https://dragonheaven.herokuapp.com/js/replay-embed.js?version'+daily+'"></'+'script>');
</script>
