<!DOCTYPE html>
<meta charset="utf-8" />
<!-- version 1 -->
<title>[Gen 8] Alternatium replay: frowntoad vs. DarkraiRetribution</title>
<style>
html,body {font-family:Verdana, sans-serif;font-size:10pt;margin:0;padding:0;}body{padding:12px 0;} .battle-log {font-family:Verdana, sans-serif;font-size:10pt;} .battle-log-inline {border:1px solid #AAAAAA;background:#EEF2F5;color:black;max-width:640px;margin:0 auto 80px;padding-bottom:5px;} .battle-log .inner {padding:4px 8px 0px 8px;} .battle-log .inner-preempt {padding:0 8px 4px 8px;} .battle-log .inner-after {margin-top:0.5em;} .battle-log h2 {margin:0.5em -8px;padding:4px 8px;border:1px solid #AAAAAA;background:#E0E7EA;border-left:0;border-right:0;font-family:Verdana, sans-serif;font-size:13pt;} .battle-log .chat {vertical-align:middle;padding:3px 0 3px 0;font-size:8pt;} .battle-log .chat strong {color:#40576A;} .battle-log .chat em {padding:1px 4px 1px 3px;color:#000000;font-style:normal;} .chat.mine {background:rgba(0,0,0,0.05);margin-left:-8px;margin-right:-8px;padding-left:8px;padding-right:8px;} .spoiler {color:#BBBBBB;background:#BBBBBB;padding:0px 3px;} .spoiler:hover, .spoiler:active, .spoiler-shown {color:#000000;background:#E2E2E2;padding:0px 3px;} .spoiler a {color:#BBBBBB;} .spoiler:hover a, .spoiler:active a, .spoiler-shown a {color:#2288CC;} .chat code, .chat .spoiler:hover code, .chat .spoiler:active code, .chat .spoiler-shown code {border:1px solid #C0C0C0;background:#EEEEEE;color:black;padding:0 2px;} .chat .spoiler code {border:1px solid #CCCCCC;background:#CCCCCC;color:#CCCCCC;} .battle-log .rated {padding:3px 4px;} .battle-log .rated strong {color:white;background:#89A;padding:1px 4px;border-radius:4px;} .spacer {margin-top:0.5em;} .message-announce {background:#6688AA;color:white;padding:1px 4px 2px;} .message-announce a, .broadcast-green a, .broadcast-blue a, .broadcast-red a {color:#DDEEFF;} .broadcast-green {background-color:#559955;color:white;padding:2px 4px;} .broadcast-blue {background-color:#6688AA;color:white;padding:2px 4px;} .infobox {border:1px solid #6688AA;padding:2px 4px;} .infobox-limited {max-height:200px;overflow:auto;overflow-x:hidden;} .broadcast-red {background-color:#AA5544;color:white;padding:2px 4px;} .message-learn-canlearn {font-weight:bold;color:#228822;text-decoration:underline;} .message-learn-cannotlearn {font-weight:bold;color:#CC2222;text-decoration:underline;} .message-effect-weak {font-weight:bold;color:#CC2222;} .message-effect-resist {font-weight:bold;color:#6688AA;} .message-effect-immune {font-weight:bold;color:#666666;} .message-learn-list {margin-top:0;margin-bottom:0;} .message-throttle-notice, .message-error {color:#992222;} .message-overflow, .chat small.message-overflow {font-size:0pt;} .message-overflow::before {font-size:9pt;content:'...';} .subtle {color:#3A4A66;}
</style>
<div class="wrapper replay-wrapper" style="max-width:1180px;margin:0 auto">
<input type="hidden" name="replayid" value="dragonheaven-gen8alternatium-49" />
<div class="battle"></div><div class="battle-log"></div><div class="replay-controls"></div><div class="replay-controls-2"></div>
<h1 style="font-weight:normal;text-align:center"><strong>[Gen 8] Alternatium</strong><br /><a href="http://pokemonshowdown.com/users/frowntoad" class="subtle" target="_blank">frowntoad</a> vs. <a href="http://pokemonshowdown.com/users/darkrairetribution" class="subtle" target="_blank">DarkraiRetribution</a></h1>
<script type="text/plain" class="battle-log-data">|raw|<div class="broadcast-red"><strong>This battle is invite-only!<\/strong><br \/>Users must be invited with <code>\/invite<\/code> (or be staff) to join<\/div>
|j|☆frowntoad
|j|☆DarkraiRetribution
|t:|1652200963
|player|p1|frowntoad|101|
|player|p2|DarkraiRetribution|101|
|teamsize|p1|6
|teamsize|p2|6
|gametype|singles
|gen|8
|tier|[Gen 8] Alternatium
|clearpoke
|poke|p1|Rotom-Fan|
|poke|p1|Slowking-Galar, F|
|poke|p1|Deoxys-Speed|
|poke|p1|Silvally-Steel|
|poke|p1|Sandslash-Lustrous, F|
|poke|p1|Landorus-Bengal, M|
|poke|p2|Aegishield, F|
|poke|p2|Deoxys-Wood|
|poke|p2|Giratina-Shadow|
|poke|p2|Slowbro, M|
|poke|p2|Morpeko-Marsh, F|
|poke|p2|Silvally-Ground|
|rule|HP Percentage Mod: HP is shown in percentages
|rule|Endless Battle Clause: Forcing endless battles is banned
|rule|OHKO Clause: OHKO moves are banned
|rule|Evasion Moves Clause: Evasion moves are banned
|rule|Dynamax Clause: You cannot dynamax
|rule|Sleep Clause Mod: Limit one foe put to sleep
|rule|Z-Move Clause: Z-Moves are banned
|teampreview
|c|☆DarkraiRetribution|hf
|c|☆frowntoad|u2
|c|☆frowntoad|can u make it public
|c|☆DarkraiRetribution|\/log DarkraiRetribution made this room public.
|raw|<div class="broadcast-blue"><strong>This room is no longer invite only!<\/strong><br \/>Anyone may now join.<\/div>
|c|☆DarkraiRetribution|\/log DarkraiRetribution turned off modjoin.
|j|+Gekokeso
|j|+zxgzxg
|c|+Gekokeso|There you go
|c|☆DarkraiRetribution|cool
|c|+zxgzxg|ONE GOURGILLION WINS
|j|+moretto
|j|+Beaf Cultist
|c|+moretto|OAHAUAUSHHAAH
|j|+anaconja
|c|+Beaf Cultist|GOURGS TO THE MOON BABY
|j|+NeonNitroGlycerin
|c|+NeonNitroGlycerin|ONE GOURGILLION WINS
|c|+moretto|no shaymin on either team
|c|+moretto|booo
|
|t:|1652201109
|start
|switch|p1a: Landorus-Bengal|Landorus-Bengal, M|100\/100
|switch|p2a: Gilvally-Sround|Silvally-Ground|100\/100
|-start|p2a: Gilvally-Sround|typechange|Ground|[silent]
|raw|<ul class="utilichart"><li class="result"><span class="col pokemonnamecol" style="white-space: nowrap">Silvally-Ground<\/span> <span class="col typecol"><img src="https:\/\/dragonheaven.herokuapp.com\/sprites\/types\/Ground.png" alt="Ground" height="14" width="32"><\/span> <span style="float: left ; min-height: 26px"><span class="col abilitycol">Mold Breaker<\/span><span class="col abilitycol"><\/span><\/span><\/li><li style="clear: both"><\/li><\/ul>
|raw|<ul class="utilichart"><li class="result"><span style="float: left ; min-height: 26px"><span class="col statcol"><em>HP<\/em><br>105<\/span> <span class="col statcol"><em>Atk<\/em><br>95<\/span> <span class="col statcol"><em>Def<\/em><br>95<\/span> <span class="col statcol"><em>SpA<\/em><br>95<\/span> <span class="col statcol"><em>SpD<\/em><br>95<\/span> <span class="col statcol"><em>Spe<\/em><br>115<\/span> <\/span><\/li><li style="clear: both"><\/li><\/ul>
|-ability|p2a: Gilvally-Sround|Mold Breaker
|-start|p1a: Landorus-Bengal|typechange|Ground\/Flying|[silent]
|raw|<ul class="utilichart"><li class="result"><span class="col pokemonnamecol" style="white-space: nowrap">Landorus-Bengal<\/span> <span class="col typecol"><img src="https:\/\/dragonheaven.herokuapp.com\/sprites\/types\/Ground.png" alt="Ground" height="14" width="32"><img src="https:\/\/dragonheaven.herokuapp.com\/sprites\/types\/Flying.png" alt="Flying" height="14" width="32"><\/span> <span style="float: left ; min-height: 26px"><span class="col abilitycol">Intimidate \/ Pack Leader<\/span><span class="col abilitycol"><\/span><\/span><\/li><li style="clear: both"><\/li><\/ul>
|raw|<ul class="utilichart"><li class="result"><span style="float: left ; min-height: 26px"><span class="col statcol"><em>HP<\/em><br>90<\/span> <span class="col statcol"><em>Atk<\/em><br>115<\/span> <span class="col statcol"><em>Def<\/em><br>75<\/span> <span class="col statcol"><em>SpA<\/em><br>115<\/span> <span class="col statcol"><em>SpD<\/em><br>95<\/span> <span class="col statcol"><em>Spe<\/em><br>99<\/span> <\/span><\/li><li style="clear: both"><\/li><\/ul>
|-ability|p1a: Landorus-Bengal|Intimidate|boost
|-unboost|p2a: Gilvally-Sround|atk|1
|turn|1
|c|+Beaf Cultist|fake meta
|c|+Beaf Cultist|2+ genesects or bust
|c|+moretto|yo new leaked mon
|c|+moretto|gilvally
|c|+Beaf Cultist|-sround
|
|t:|1652201151
|move|p2a: Gilvally-Sround|Stealth Rock|p1a: Landorus-Bengal
|-sidestart|p1: frowntoad|move: Stealth Rock
|move|p1a: Landorus-Bengal|Stealth Rock|p2a: Gilvally-Sround
|-sidestart|p2: DarkraiRetribution|move: Stealth Rock
|
|upkeep
|turn|2
|
|t:|1652201159
|move|p2a: Gilvally-Sround|Ice Beam|p1a: Landorus-Bengal
|-supereffective|p1a: Landorus-Bengal
|-damage|p1a: Landorus-Bengal|32\/100
|move|p1a: Landorus-Bengal|U-turn|p2a: Gilvally-Sround
|-damage|p2a: Gilvally-Sround|91\/100
|c|+moretto|ZAMN!
|c|+NeonNitroGlycerin|bvvvv
|c|+Beaf Cultist|she's 12?!
|
|t:|1652201196
|switch|p1a: Deoxys-Speed|Deoxys-Speed|100\/100|[from]move: U-turn
|-start|p1a: Deoxys-Speed|typechange|Psychic\/Fire|[silent]
|raw|<ul class="utilichart"><li class="result"><span class="col pokemonnamecol" style="white-space: nowrap">Deoxys-Speed<\/span> <span class="col typecol"><img src="https:\/\/dragonheaven.herokuapp.com\/sprites\/types\/Psychic.png" alt="Psychic" height="14" width="32"><img src="https:\/\/dragonheaven.herokuapp.com\/sprites\/types\/Fire.png" alt="Fire" height="14" width="32"><\/span> <span style="float: left ; min-height: 26px"><span class="col abilitycol">Pressure \/ Power Core<\/span><span class="col abilitycol"><\/span><\/span><\/li><li style="clear: both"><\/li><\/ul>
|raw|<ul class="utilichart"><li class="result"><span style="float: left ; min-height: 26px"><span class="col statcol"><em>HP<\/em><br>50<\/span> <span class="col statcol"><em>Atk<\/em><br>90<\/span> <span class="col statcol"><em>Def<\/em><br>85<\/span> <span class="col statcol"><em>SpA<\/em><br>90<\/span> <span class="col statcol"><em>SpD<\/em><br>85<\/span> <span class="col statcol"><em>Spe<\/em><br>140<\/span> <\/span><\/li><li style="clear: both"><\/li><\/ul>
|-damage|p1a: Deoxys-Speed|76\/100|[from] Stealth Rock
|
|-heal|p2a: Gilvally-Sround|97\/100|[from] item: Leftovers
|upkeep
|turn|3
|l|+moretto
|j|+moretto
|c|+moretto|🧐🤣🤡🤬😎
|
|t:|1652201258
|switch|p1a: Rotom-Fan|Rotom-Fan|100\/100
|-damage|p1a: Rotom-Fan|88\/100|[from] Stealth Rock
|-start|p1a: Rotom-Fan|typechange|Flying\/Steel|[silent]
|raw|<ul class="utilichart"><li class="result"><span class="col pokemonnamecol" style="white-space: nowrap">Rotom-Fan<\/span> <span class="col typecol"><img src="https:\/\/dragonheaven.herokuapp.com\/sprites\/types\/Flying.png" alt="Flying" height="14" width="32"><img src="https:\/\/dragonheaven.herokuapp.com\/sprites\/types\/Steel.png" alt="Steel" height="14" width="32"><\/span> <span style="float: left ; min-height: 26px"><span class="col abilitycol">Delta Stream<\/span><span class="col abilitycol"><\/span><\/span><\/li><li style="clear: both"><\/li><\/ul>
|raw|<ul class="utilichart"><li class="result"><span style="float: left ; min-height: 26px"><span class="col statcol"><em>HP<\/em><br>100<\/span> <span class="col statcol"><em>Atk<\/em><br>65<\/span> <span class="col statcol"><em>Def<\/em><br>80<\/span> <span class="col statcol"><em>SpA<\/em><br>105<\/span> <span class="col statcol"><em>SpD<\/em><br>80<\/span> <span class="col statcol"><em>Spe<\/em><br>90<\/span> <\/span><\/li><li style="clear: both"><\/li><\/ul>
|-weather|DeltaStream|[from] ability: Delta Stream|[of] p1a: Rotom-Fan
|move|p2a: Gilvally-Sround|Earth Power|p1a: Rotom-Fan
|-immune|p1a: Rotom-Fan
|
|-weather|DeltaStream|[upkeep]
|-heal|p2a: Gilvally-Sround|100\/100|[from] item: Leftovers
|-heal|p1a: Rotom-Fan|94\/100|[from] item: Leftovers
|upkeep
|turn|4
|c|+zxgzxg|hey guys watch the timer :ghost:
|
|t:|1652201282
|switch|p2a: Aegishield|Aegishield, F|100\/100
|-damage|p2a: Aegishield|94\/100|[from] Stealth Rock
|-start|p2a: Aegishield|typechange|Ghost\/Steel|[silent]
|raw|<ul class="utilichart"><li class="result"><span class="col pokemonnamecol" style="white-space: nowrap">Aegishield<\/span> <span class="col typecol"><img src="https:\/\/dragonheaven.herokuapp.com\/sprites\/types\/Ghost.png" alt="Ghost" height="14" width="32"><img src="https:\/\/dragonheaven.herokuapp.com\/sprites\/types\/Steel.png" alt="Steel" height="14" width="32"><\/span> <span style="float: left ; min-height: 26px"><span class="col abilitycol">Filter<\/span><span class="col abilitycol"><\/span><\/span><\/li><li style="clear: both"><\/li><\/ul>
|raw|<ul class="utilichart"><li class="result"><span style="float: left ; min-height: 26px"><span class="col statcol"><em>HP<\/em><br>60<\/span> <span class="col statcol"><em>Atk<\/em><br>50<\/span> <span class="col statcol"><em>Def<\/em><br>140<\/span> <span class="col statcol"><em>SpA<\/em><br>50<\/span> <span class="col statcol"><em>SpD<\/em><br>140<\/span> <span class="col statcol"><em>Spe<\/em><br>60<\/span> <\/span><\/li><li style="clear: both"><\/li><\/ul>
|move|p1a: Rotom-Fan|Substitute|p1a: Rotom-Fan
|-start|p1a: Rotom-Fan|Substitute
|-damage|p1a: Rotom-Fan|69\/100
|
|-weather|DeltaStream|[upkeep]
|-heal|p1a: Rotom-Fan|75\/100|[from] item: Leftovers
|-heal|p2a: Aegishield|100\/100|[from] item: Leftovers
|upkeep
|turn|5
|j|+ViZarPKMN
|c|+Gekokeso|Was the DEO a misclick?
|c|+moretto|is this what being ghosted feels like?
|
|t:|1652201290
|move|p1a: Rotom-Fan|Nasty Plot|p1a: Rotom-Fan
|-boost|p1a: Rotom-Fan|spa|2
|move|p2a: Aegishield|Volt Switch|p1a: Rotom-Fan
|-activate||deltastream
|-activate|p1a: Rotom-Fan|move: Substitute|[damage]
|
|t:|1652201302
|switch|p2a: Gilvally-Sround|Silvally-Ground|100\/100|[from]move: Volt Switch
|-damage|p2a: Gilvally-Sround|94\/100|[from] Stealth Rock
|-start|p2a: Gilvally-Sround|typechange|Ground|[silent]
|-ability|p2a: Gilvally-Sround|Mold Breaker
|
|-weather|DeltaStream|[upkeep]
|-heal|p2a: Gilvally-Sround|100\/100|[from] item: Leftovers
|-heal|p1a: Rotom-Fan|82\/100|[from] item: Leftovers
|upkeep
|turn|6
|c|☆frowntoad|no
|
|t:|1652201313
|move|p2a: Gilvally-Sround|Ice Beam|p1a: Rotom-Fan
|-activate||deltastream
|-resisted|p1a: Rotom-Fan
|-activate|p1a: Rotom-Fan|move: Substitute|[damage]
|move|p1a: Rotom-Fan|Oblivion Wing|p2a: Gilvally-Sround
|-damage|p2a: Gilvally-Sround|38\/100
|-heal|p1a: Rotom-Fan|100\/100|[from] drain|[of] p2a: Gilvally-Sround
|
|-weather|DeltaStream|[upkeep]
|-heal|p2a: Gilvally-Sround|44\/100|[from] item: Leftovers
|upkeep
|turn|7
|c|+moretto|L
|
|t:|1652201321
|switch|p2a: Aegishield|Aegishield, F|100\/100
|-start|p2a: Aegishield|typechange|Ghost\/Steel|[silent]
|-damage|p2a: Aegishield|94\/100|[from] Stealth Rock
|move|p1a: Rotom-Fan|Substitute|p1a: Rotom-Fan
|-fail|p1a: Rotom-Fan|move: Substitute
|
|-weather|DeltaStream|[upkeep]
|-heal|p2a: Aegishield|100\/100|[from] item: Leftovers
|upkeep
|turn|8
|
|t:|1652201333
|move|p1a: Rotom-Fan|Hidden Power|p2a: Aegishield
|-supereffective|p2a: Aegishield
|-damage|p2a: Aegishield|63\/100
|move|p2a: Aegishield|Volt Switch|p1a: Rotom-Fan
|-activate||deltastream
|-end|p1a: Rotom-Fan|Substitute
|c|+NeonNitroGlycerin|oh lord
|c|+zxgzxg|rotom fan more like
|c|+zxgzxg|rotom ban
|
|t:|1652201348
|switch|p2a: Morpeko-Marsh|Morpeko-Marsh, F|100\/100|[from]move: Volt Switch
|-start|p2a: Morpeko-Marsh|typechange|Grass\/Dark|[silent]
|raw|<ul class="utilichart"><li class="result"><span class="col pokemonnamecol" style="white-space: nowrap">Morpeko-Marsh<\/span> <span class="col typecol"><img src="https:\/\/dragonheaven.herokuapp.com\/sprites\/types\/Grass.png" alt="Grass" height="14" width="32"><img src="https:\/\/dragonheaven.herokuapp.com\/sprites\/types\/Dark.png" alt="Dark" height="14" width="32"><\/span> <span style="float: left ; min-height: 26px"><span class="col abilitycol">Strong Jaw \/ Wash Up<\/span><span class="col abilitycol"><\/span><\/span><\/li><li style="clear: both"><\/li><\/ul>
|raw|<ul class="utilichart"><li class="result"><span style="float: left ; min-height: 26px"><span class="col statcol"><em>HP<\/em><br>80<\/span> <span class="col statcol"><em>Atk<\/em><br>100<\/span> <span class="col statcol"><em>Def<\/em><br>95<\/span> <span class="col statcol"><em>SpA<\/em><br>50<\/span> <span class="col statcol"><em>SpD<\/em><br>115<\/span> <span class="col statcol"><em>Spe<\/em><br>110<\/span> <\/span><\/li><li style="clear: both"><\/li><\/ul>
|-damage|p2a: Morpeko-Marsh|88\/100|[from] Stealth Rock
|-fieldstart|move: Water Sport|[of] p2a: Morpeko-Marsh
|
|-weather|DeltaStream|[upkeep]
|-heal|p2a: Morpeko-Marsh|94\/100|[from] item: Leftovers
|upkeep
|turn|9
|c|+Beaf Cultist|sniped
|c|+moretto|do something darkrai retribution pls
|c|+moretto|cannot let fantom win
|c|+Beaf Cultist|ez clap dw
|c|+Beaf Cultist|he's with the GOURGS
|c|+NeonNitroGlycerin|ONE GOURGILLION WINS
|c|+moretto|who cares 
|c|+NeonNitroGlycerin|us
|c|+moretto|L
|c|+NeonNitroGlycerin|no i
|c|+Beaf Cultist|me (owned)
|c|+NeonNitroGlycerin|no u*
|c|+moretto|!dt shaymin
|raw|<div class="message"><ul class="utilichart"><li class="result"><span class="col numcol">Alternatium<\/span> <span class="col iconcol"><psicon pokemon="shaymin"\/><\/span> <span class="col pokemonnamecol" style="white-space:nowrap"><a href="https:\/\/dex.pokemonshowdown.com\/pokemon\/shaymin" target="_blank">Shaymin<\/a><\/span> <span class="col typecol"><img src="https:\/\/dragonheaven.herokuapp.com\/sprites\/types\/Grass.png" alt="Grass" height="14" width="32"><\/span> <span style="float:left;min-height:26px"><span class="col abilitycol">Poison Heal<\/span><span class="col abilitycol"><em>Oblivious<\/em><\/span><\/span><span style="float:left;min-height:26px"><span class="col statcol"><em>HP<\/em><br \/>100<\/span> <span class="col statcol"><em>Atk<\/em><br \/>60<\/span> <span class="col statcol"><em>Def<\/em><br \/>105<\/span> <span class="col statcol"><em>SpA<\/em><br \/>85<\/span> <span class="col statcol"><em>SpD<\/em><br \/>90<\/span> <span class="col statcol"><em>Spe<\/em><br \/>85<\/span> <span class="col bstcol"><em>BST<br \/>525<\/em><\/span> <\/span><\/li><li style="clear:both"><\/li><\/ul><\/div>
|raw|<font size="1"><font color="#686868">Dex#:<\/font> 492&nbsp;|&ThickSpace;<font color="#686868">Gen:<\/font> 4&nbsp;|&ThickSpace;<font color="#686868">Height:<\/font> 0.2 m&nbsp;|&ThickSpace;<font color="#686868">Weight:<\/font> 2.1 kg <em>(20 BP)<\/em>&nbsp;|&ThickSpace;<font color="#686868">Egg Group(s):<\/font> Undiscovered&nbsp;|&ThickSpace;<font color="#686868">Does Not Evolve<\/font><\/font>

|c|+Gekokeso|Darkrai is with gourgeists
|c|+anaconja|🧌
|c|☆DarkraiRetribution|u still here
|c|+Beaf Cultist|quick turn on timer (ez gourg clap)
|c|+NeonNitroGlycerin|lmao did frowntoad leave
|c|+moretto|WATCH THE TIMER GUYS
|
|t:|1652201478
|move|p2a: Morpeko-Marsh|Knock Off|p1a: Rotom-Fan
|-damage|p1a: Rotom-Fan|64\/100
|-enditem|p1a: Rotom-Fan|Leftovers|[from] move: Knock Off|[of] p2a: Morpeko-Marsh
|move|p1a: Rotom-Fan|Oblivion Wing|p2a: Morpeko-Marsh
|-supereffective|p2a: Morpeko-Marsh
|-damage|p2a: Morpeko-Marsh|5\/100
|-heal|p1a: Rotom-Fan|100\/100|[from] drain|[of] p2a: Morpeko-Marsh
|
|-weather|DeltaStream|[upkeep]
|-heal|p2a: Morpeko-Marsh|11\/100|[from] item: Leftovers
|upkeep
|turn|10
|c|+NeonNitroGlycerin|oh god
|c|+Beaf Cultist|fantom seems balanced
|
|t:|1652201496
|move|p2a: Morpeko-Marsh|Knock Off|p1a: Rotom-Fan
|-damage|p1a: Rotom-Fan|79\/100
|move|p1a: Rotom-Fan|Oblivion Wing|p2a: Morpeko-Marsh
|-supereffective|p2a: Morpeko-Marsh
|-damage|p2a: Morpeko-Marsh|0 fnt
|-heal|p1a: Rotom-Fan|87\/100|[from] drain|[of] p2a: Morpeko-Marsh
|faint|p2a: Morpeko-Marsh
|
|-weather|DeltaStream|[upkeep]
|upkeep
|
|t:|1652201502
|switch|p2a: Gilvally-Sround|Silvally-Ground|44\/100
|-start|p2a: Gilvally-Sround|typechange|Ground|[silent]
|-damage|p2a: Gilvally-Sround|38\/100|[from] Stealth Rock
|-ability|p2a: Gilvally-Sround|Mold Breaker
|turn|11
|c|+moretto|just run resists
|c|+moretto|lol!
|c|+Gekokeso|Me when no air resist
|
|t:|1652201510
|move|p2a: Gilvally-Sround|Ice Beam|p1a: Rotom-Fan
|-activate||deltastream
|-resisted|p1a: Rotom-Fan
|-damage|p1a: Rotom-Fan|76\/100
|move|p1a: Rotom-Fan|Substitute|p1a: Rotom-Fan
|-start|p1a: Rotom-Fan|Substitute
|-damage|p1a: Rotom-Fan|51\/100
|
|-weather|DeltaStream|[upkeep]
|-heal|p2a: Gilvally-Sround|44\/100|[from] item: Leftovers
|upkeep
|turn|12
|
|t:|1652201514
|move|p2a: Gilvally-Sround|Ice Beam|p1a: Rotom-Fan
|-activate||deltastream
|-resisted|p1a: Rotom-Fan
|-activate|p1a: Rotom-Fan|move: Substitute|[damage]
|move|p1a: Rotom-Fan|Oblivion Wing|p2a: Gilvally-Sround
|-damage|p2a: Gilvally-Sround|0 fnt
|-heal|p1a: Rotom-Fan|85\/100|[from] drain|[of] p2a: Gilvally-Sround
|faint|p2a: Gilvally-Sround
|
|-weather|DeltaStream|[upkeep]
|-fieldend|move: Water Sport
|upkeep
|c|+NeonNitroGlycerin|what drugs did people give fantom jesus
|
|t:|1652201518
|switch|p2a: Aegishield|Aegishield, F|63\/100
|-start|p2a: Aegishield|typechange|Ghost\/Steel|[silent]
|-damage|p2a: Aegishield|57\/100|[from] Stealth Rock
|turn|13
|c|+Beaf Cultist|i love when my delta stream steel\/flying with NP+owing
|
|t:|1652201525
|move|p1a: Rotom-Fan|Nasty Plot|p1a: Rotom-Fan
|-boost|p1a: Rotom-Fan|spa|2
|move|p2a: Aegishield|Slack Off|p2a: Aegishield
|-heal|p2a: Aegishield|100\/100
|
|-weather|DeltaStream|[upkeep]
|upkeep
|turn|14
|c|+moretto|air fryer
|c|+Beaf Cultist|best game design i've ever seen
|
|t:|1652201533
|move|p1a: Rotom-Fan|Hidden Power|p2a: Aegishield
|-supereffective|p2a: Aegishield
|-damage|p2a: Aegishield|44\/100
|move|p2a: Aegishield|Volt Switch|p1a: Rotom-Fan
|-activate||deltastream
|-activate|p1a: Rotom-Fan|move: Substitute|[damage]
|
|t:|1652201539
|switch|p2a: Siratina-Ghadow|Giratina-Shadow|100\/100|[from]move: Volt Switch
|-damage|p2a: Siratina-Ghadow|88\/100|[from] Stealth Rock
|-start|p2a: Siratina-Ghadow|typechange|Dragon\/Ghost|[silent]
|raw|<ul class="utilichart"><li class="result"><span class="col pokemonnamecol" style="white-space: nowrap">Giratina-Shadow<\/span> <span class="col typecol"><img src="https:\/\/dragonheaven.herokuapp.com\/sprites\/types\/Dragon.png" alt="Dragon" height="14" width="32"><img src="https:\/\/dragonheaven.herokuapp.com\/sprites\/types\/Ghost.png" alt="Ghost" height="14" width="32"><\/span> <span style="float: left ; min-height: 26px"><span class="col abilitycol">Levitate \/ Shadow World<\/span><span class="col abilitycol"><\/span><\/span><\/li><li style="clear: both"><\/li><\/ul>
|raw|<ul class="utilichart"><li class="result"><span style="float: left ; min-height: 26px"><span class="col statcol"><em>HP<\/em><br>100<\/span> <span class="col statcol"><em>Atk<\/em><br>100<\/span> <span class="col statcol"><em>Def<\/em><br>100<\/span> <span class="col statcol"><em>SpA<\/em><br>100<\/span> <span class="col statcol"><em>SpD<\/em><br>100<\/span> <span class="col statcol"><em>Spe<\/em><br>100<\/span> <\/span><\/li><li style="clear: both"><\/li><\/ul>
|-ability|p2a: Siratina-Ghadow|Shadow World
|
|-weather|DeltaStream|[upkeep]
|-heal|p2a: Siratina-Ghadow|94\/100|[from] item: Leftovers
|upkeep
|turn|15
|c|+moretto|shut up u dont play alt
|c|+NeonNitroGlycerin|shits disgusting lmao
|c|+moretto|SIRATINA
|
|t:|1652201545
|move|p2a: Siratina-Ghadow|Hex|p1a: Rotom-Fan
|-end|p1a: Rotom-Fan|Substitute
|move|p1a: Rotom-Fan|Oblivion Wing|p2a: Siratina-Ghadow
|-damage|p2a: Siratina-Ghadow|0 fnt
|-heal|p1a: Rotom-Fan|100\/100|[from] drain|[of] p2a: Siratina-Ghadow
|faint|p2a: Siratina-Ghadow
|
|-weather|DeltaStream|[upkeep]
|upkeep
|c|+moretto|LEZZZGOOOOOO
|
|t:|1652201548
|switch|p2a: Weoxys-Dood|Deoxys-Wood|100\/100
|-start|p2a: Weoxys-Dood|typechange|Grass\/Fighting|[silent]
|raw|<ul class="utilichart"><li class="result"><span class="col pokemonnamecol" style="white-space: nowrap">Deoxys-Wood<\/span> <span class="col typecol"><img src="https:\/\/dragonheaven.herokuapp.com\/sprites\/types\/Grass.png" alt="Grass" height="14" width="32"><img src="https:\/\/dragonheaven.herokuapp.com\/sprites\/types\/Fighting.png" alt="Fighting" height="14" width="32"><\/span> <span style="float: left ; min-height: 26px"><span class="col abilitycol">Flower Veil \/ Triage<\/span><span class="col abilitycol"><\/span><\/span><\/li><li style="clear: both"><\/li><\/ul>
|raw|<ul class="utilichart"><li class="result"><span style="float: left ; min-height: 26px"><span class="col statcol"><em>HP<\/em><br>100<\/span> <span class="col statcol"><em>Atk<\/em><br>100<\/span> <span class="col statcol"><em>Def<\/em><br>80<\/span> <span class="col statcol"><em>SpA<\/em><br>110<\/span> <span class="col statcol"><em>SpD<\/em><br>90<\/span> <span class="col statcol"><em>Spe<\/em><br>60<\/span> <\/span><\/li><li style="clear: both"><\/li><\/ul>
|-damage|p2a: Weoxys-Dood|94\/100|[from] Stealth Rock
|turn|16
|c|+moretto|WOOOOOO
|c|+moretto|.
|c|+anaconja|dood
|c|+ViZarPKMN|fuck off neon
|c|☆frowntoad|yo i was wondering why that morpeko was faster
|c|☆frowntoad|i keep looking at base speed
|c|+NeonNitroGlycerin|viz its 1 singular mon
|c|+NeonNitroGlycerin|99% of alternatium is awesome
|c|+moretto|Just run resists imo
|c|+Beaf Cultist|:|
|c|+moretto|!dt silvally electric
|raw|<div class="message"><ul class="utilichart"><li class="result"><span class="col numcol">Alternatium<\/span> <span class="col iconcol"><psicon pokemon="silvallyelectric"\/><\/span> <span class="col pokemonnamecol" style="white-space:nowrap"><a href="https:\/\/dex.pokemonshowdown.com\/pokemon\/silvallyelectric" target="_blank">Silvally-Electric<\/a><\/span> <span class="col typecol"><img src="https:\/\/dragonheaven.herokuapp.com\/sprites\/types\/Electric.png" alt="Electric" height="14" width="32"><\/span> <span style="float:left;min-height:26px"><span class="col abilitycol">Lightning Rod<\/span><span class="col abilitycol"><\/span><\/span><span style="float:left;min-height:26px"><span class="col statcol"><em>HP<\/em><br \/>95<\/span> <span class="col statcol"><em>Atk<\/em><br \/>95<\/span> <span class="col statcol"><em>Def<\/em><br \/>95<\/span> <span class="col statcol"><em>SpA<\/em><br \/>115<\/span> <span class="col statcol"><em>SpD<\/em><br \/>95<\/span> <span class="col statcol"><em>Spe<\/em><br \/>105<\/span> <span class="col bstcol"><em>BST<br \/>600<\/em><\/span> <\/span><\/li><li style="clear:both"><\/li><\/ul><\/div>
|raw|<font size="1"><font color="#686868">Dex#:<\/font> 773&nbsp;|&ThickSpace;<font color="#686868">Gen:<\/font> 7&nbsp;|&ThickSpace;<font color="#686868">Height:<\/font> 2.3 m&nbsp;|&ThickSpace;<font color="#686868">Weight:<\/font> 100.5 kg <em>(100 BP)<\/em>&nbsp;|&ThickSpace;Egg Group(s)&nbsp;|&ThickSpace;<font color="#686868">Does Not Evolve<\/font><\/font>

|c|+Beaf Cultist|common mons flying\/hp fire resists
|c|+Beaf Cultist|rocks are everywhere for sure
|c|+ViZarPKMN|I think it's interesting how y'all love alt until a game is played, where it is suddently the most unbalanced shit ever
|c|+moretto|Thundurus T
|c|+moretto|LOL
|
|t:|1652201649
|move|p2a: Weoxys-Dood|Drain Punch|p1a: Rotom-Fan
|-damage|p1a: Rotom-Fan|50\/100
|-heal|p2a: Weoxys-Dood|100\/100|[from] drain|[of] p1a: Rotom-Fan
|-damage|p2a: Weoxys-Dood|91\/100|[from] item: Life Orb
|move|p1a: Rotom-Fan|Oblivion Wing|p2a: Weoxys-Dood
|-supereffective|p2a: Weoxys-Dood
|-damage|p2a: Weoxys-Dood|0 fnt
|-heal|p1a: Rotom-Fan|100\/100|[from] drain|[of] p2a: Weoxys-Dood
|faint|p2a: Weoxys-Dood
|
|-weather|DeltaStream|[upkeep]
|upkeep
|c|+Gekokeso|Me when the commies and the boomers win before other teams can post predicts 😎
|c|+Beaf Cultist|viz look at the field
|c|+Beaf Cultist|rn
|c|+NeonNitroGlycerin|viz i still love alt
|c|+zxgzxg|alt is cool
|c|☆DarkraiRetribution|f
|c|+zxgzxg|however
|c|☆DarkraiRetribution|gg
|
|t:|1652201662
|switch|p2a: Blowsro|Slowbro, M|100\/100
|-damage|p2a: Blowsro|94\/100|[from] Stealth Rock
|-start|p2a: Blowsro|typechange|Water\/Ground|[silent]
|raw|<ul class="utilichart"><li class="result"><span class="col pokemonnamecol" style="white-space: nowrap">Slowbro<\/span> <span class="col typecol"><img src="https:\/\/dragonheaven.herokuapp.com\/sprites\/types\/Water.png" alt="Water" height="14" width="32"><img src="https:\/\/dragonheaven.herokuapp.com\/sprites\/types\/Ground.png" alt="Ground" height="14" width="32"><\/span> <span style="float: left ; min-height: 26px"><span class="col abilitycol">Oblivious \/ Shell Armor \/ Sand Spit<\/span><span class="col abilitycol"><\/span><\/span><\/li><li style="clear: both"><\/li><\/ul>
|raw|<ul class="utilichart"><li class="result"><span style="float: left ; min-height: 26px"><span class="col statcol"><em>HP<\/em><br>90<\/span> <span class="col statcol"><em>Atk<\/em><br>75<\/span> <span class="col statcol"><em>Def<\/em><br>165<\/span> <span class="col statcol"><em>SpA<\/em><br>95<\/span> <span class="col statcol"><em>SpD<\/em><br>55<\/span> <span class="col statcol"><em>Spe<\/em><br>30<\/span> <\/span><\/li><li style="clear: both"><\/li><\/ul>
|turn|17
|c|+zxgzxg|gourgs winning is cooler
|
|t:|1652201664
|move|p1a: Rotom-Fan|Substitute|p1a: Rotom-Fan
|-start|p1a: Rotom-Fan|Substitute
|-damage|p1a: Rotom-Fan|75\/100
|move|p2a: Blowsro|Scald|p1a: Rotom-Fan
|-end|p1a: Rotom-Fan|Substitute
|
|-weather|DeltaStream|[upkeep]
|-heal|p2a: Blowsro|100\/100|[from] item: Leftovers
|upkeep
|turn|18
|c|+Beaf Cultist|exactly
|
|t:|1652201668
|move|p1a: Rotom-Fan|Oblivion Wing|p2a: Blowsro
|-damage|p2a: Blowsro|0 fnt
|-heal|p1a: Rotom-Fan|100\/100|[from] drain|[of] p2a: Blowsro
|faint|p2a: Blowsro
|
|-weather|DeltaStream|[upkeep]
|upkeep
|
|t:|1652201671
|switch|p2a: Aegishield|Aegishield, F|44\/100
|-damage|p2a: Aegishield|38\/100|[from] Stealth Rock
|-start|p2a: Aegishield|typechange|Ghost\/Steel|[silent]
|turn|19
|c|+NeonNitroGlycerin|i would be the number 1 fantom enjoyer if i had discovered it myself
|
|t:|1652201674
|move|p1a: Rotom-Fan|Hidden Power|p2a: Aegishield
|-supereffective|p2a: Aegishield
|-damage|p2a: Aegishield|0 fnt
|faint|p2a: Aegishield
|
|win|frowntoad
|c|☆frowntoad|gg
|c|+moretto|BLOWSRO YOOOOO
|c|+anaconja|gg
|l|+anaconja
|c|+Gekokeso|Wait which team is Darkrai on again?
|l|+moretto
|c|+NeonNitroGlycerin|gourgs
|c|☆DarkraiRetribution|gourgeists
|l|+NeonNitroGlycerin
|l|+ViZarPKMN
|c|+Gekokeso|Oh ok
|l|+Gekokeso
|l|+Beaf Cultist
|l|☆DarkraiRetribution
|l|+zxgzxg
|j|+moretto
|l|+moretto
|l|☆frowntoad
</script>
</div>
<div class="battle-log battle-log-inline"><div class="inner"><div class="battle-options"><div style="padding-top: 3px; padding-right: 3px; text-align: right"><button class="icon button" name="openBattleOptions" title="Options">Battle Options</button></div></div><div class="inner message-log"><div class="chat"><div class="broadcast-red"><strong>This battle is invite-only!</strong><br>Users must be invited with <code>/invite</code> (or be staff) to join</div></div><div class="chat"><small>☆frowntoad and ☆DarkraiRetribution joined</small></div><div class=""><small>Format:</small> <br><strong>[Gen 8] Alternatium</strong></div><div class=""><small><em>HP Percentage Mod:</em> HP is shown in percentages</small></div><div class=""><small><em>Endless Battle Clause:</em> Forcing endless battles is banned</small></div><div class=""><small><em>OHKO Clause:</em> OHKO moves are banned</small></div><div class=""><small><em>Evasion Moves Clause:</em> Evasion moves are banned</small></div><div class=""><small><em>Dynamax Clause:</em> You cannot dynamax</small></div><div class=""><small><em>Sleep Clause Mod:</em> Limit one foe put to sleep</small></div><div class=""><small><em>Z-Move Clause:</em> Z-Moves are banned</small></div><div class="chat battle-history"><strong>frowntoad's team:</strong> <em style="color:#445566;display:block;">Rotom-Fan / Slowking-Galar / Deoxys-Speed / Silvally-Steel / Sandslash-Lustrous / Landorus-Bengal</em></div><div class="chat battle-history"><strong>DarkraiRetribution's team:</strong> <em style="color:#445566;display:block;">Aegishield / Deoxys-Wood / Giratina-Shadow / Slowbro / Morpeko-Marsh / Silvally-Ground</em></div><div class="chat chatmessage-darkrairetribution"><strong style="color:#0f9554"><small>☆</small><span class="username" data-name="DarkraiRetribution">DarkraiRetribution</span>:</strong> <em>hf</em></div><div class="chat chatmessage-frowntoad"><strong style="color:#369b6c"><small>☆</small><span class="username" data-name="frowntoad">frowntoad</span>:</strong> <em>u2</em></div><div class="chat chatmessage-frowntoad"><strong style="color:#369b6c"><small>☆</small><span class="username" data-name="frowntoad">frowntoad</span>:</strong> <em>can u make it public</em></div><div class="chat chatmessage-darkrairetribution"><span class="message-log">DarkraiRetribution made this room public.</span></div><div class="chat"><div class="broadcast-blue"><strong>This room is no longer invite only!</strong><br>Anyone may now join.</div></div><div class="chat chatmessage-darkrairetribution"><span class="message-log">DarkraiRetribution turned off modjoin.</span></div><div class="chat"><small>+Gekokeso and +zxgzxg joined</small></div><div class="chat chatmessage-gekokeso"><strong style="color:#9b940e"><small>+</small><span class="username" data-name="Gekokeso">Gekokeso</span>:</strong> <em>There you go</em></div><div class="chat chatmessage-darkrairetribution"><strong style="color:#0f9554"><small>☆</small><span class="username" data-name="DarkraiRetribution">DarkraiRetribution</span>:</strong> <em>cool</em></div><div class="chat chatmessage-zxgzxg"><strong style="color:#8f19ef"><small>+</small><span class="username" data-name="zxgzxg">zxgzxg</span>:</strong> <em>ONE GOURGILLION WINS</em></div><div class="chat"><small>+moretto and +Beaf Cultist joined</small></div><div class="chat chatmessage-moretto"><strong style="color:#c82f9f"><small>+</small><span class="username" data-name="moretto">moretto</span>:</strong> <em>OAHAUAUSHHAAH</em></div><div class="chat"><small>+anaconja joined</small></div><div class="chat chatmessage-beafcultist"><strong style="color:#3ab7b9"><small>+</small><span class="username" data-name="Beaf Cultist">Beaf Cultist</span>:</strong> <em>GOURGS TO THE MOON BABY</em></div><div class="chat"><small>+NeonNitroGlycerin joined</small></div><div class="chat chatmessage-neonnitroglycerin"><strong style="color:#23a944"><small>+</small><span class="username" data-name="NeonNitroGlycerin">NeonNitroGlycerin</span>:</strong> <em>ONE GOURGILLION WINS</em></div><div class="chat chatmessage-moretto"><strong style="color:#c82f9f"><small>+</small><span class="username" data-name="moretto">moretto</span>:</strong> <em>no shaymin on either team</em></div><div class="chat chatmessage-moretto"><strong style="color:#c82f9f"><small>+</small><span class="username" data-name="moretto">moretto</span>:</strong> <em>booo</em></div><div class="spacer battle-history"><br></div><div class="battle-history">Battle started between frowntoad and DarkraiRetribution!<br></div><div class="spacer battle-history"><br></div><div class="battle-history">Go! <strong>Landorus-Bengal</strong>!<br></div><div class="spacer battle-history"><br></div><div class="battle-history">DarkraiRetribution sent out Gilvally-Sround (<strong>Silvally-Ground</strong>)!<br></div><div class="chat"><ul class="utilichart"><li class="result"><span class="col pokemonnamecol" style="white-space: nowrap">Silvally-Ground</span> <span class="col typecol"><img src="https://dragonheaven.herokuapp.com/sprites/types/Ground.png" alt="Ground" height="14" width="32"></span> <span style="float: left ; min-height: 26px"><span class="col abilitycol">Mold Breaker</span><span class="col abilitycol"></span></span></li><li style="clear: both"></li></ul></div><div class="chat"><ul class="utilichart"><li class="result"><span style="float: left ; min-height: 26px"><span class="col statcol"><em>HP</em><br>105</span> <span class="col statcol"><em>Atk</em><br>95</span> <span class="col statcol"><em>Def</em><br>95</span> <span class="col statcol"><em>SpA</em><br>95</span> <span class="col statcol"><em>SpD</em><br>95</span> <span class="col statcol"><em>Spe</em><br>115</span> </span></li><li style="clear: both"></li></ul></div><div class="battle-history">[The opposing Gilvally-Sround's Mold Breaker]<br><small>The opposing Gilvally-Sround breaks the mold!</small><br></div><div class="chat"><ul class="utilichart"><li class="result"><span class="col pokemonnamecol" style="white-space: nowrap">Landorus-Bengal</span> <span class="col typecol"><img src="https://dragonheaven.herokuapp.com/sprites/types/Ground.png" alt="Ground" height="14" width="32"><img src="https://dragonheaven.herokuapp.com/sprites/types/Flying.png" alt="Flying" height="14" width="32"></span> <span style="float: left ; min-height: 26px"><span class="col abilitycol">Intimidate / Pack Leader</span><span class="col abilitycol"></span></span></li><li style="clear: both"></li></ul></div><div class="chat"><ul class="utilichart"><li class="result"><span style="float: left ; min-height: 26px"><span class="col statcol"><em>HP</em><br>90</span> <span class="col statcol"><em>Atk</em><br>115</span> <span class="col statcol"><em>Def</em><br>75</span> <span class="col statcol"><em>SpA</em><br>115</span> <span class="col statcol"><em>SpD</em><br>95</span> <span class="col statcol"><em>Spe</em><br>99</span> </span></li><li style="clear: both"></li></ul></div><div class="battle-history">[Landorus-Bengal's Intimidate]<br></div><div class="battle-history"><small>The opposing Gilvally-Sround's Attack fell!</small><br></div><div class="spacer battle-history"><br></div><h2 class="battle-history">Turn 1</h2><div class="chat chatmessage-beafcultist"><strong style="color:#3ab7b9"><small>+</small><span class="username" data-name="Beaf Cultist">Beaf Cultist</span>:</strong> <em>fake meta</em></div><div class="chat chatmessage-beafcultist"><strong style="color:#3ab7b9"><small>+</small><span class="username" data-name="Beaf Cultist">Beaf Cultist</span>:</strong> <em>2+ genesects or bust</em></div><div class="chat chatmessage-moretto"><strong style="color:#c82f9f"><small>+</small><span class="username" data-name="moretto">moretto</span>:</strong> <em>yo new leaked mon</em></div><div class="chat chatmessage-moretto"><strong style="color:#c82f9f"><small>+</small><span class="username" data-name="moretto">moretto</span>:</strong> <em>gilvally</em></div><div class="chat chatmessage-beafcultist"><strong style="color:#3ab7b9"><small>+</small><span class="username" data-name="Beaf Cultist">Beaf Cultist</span>:</strong> <em>-sround</em></div><div class="spacer battle-history"><br></div><div class="battle-history">The opposing Gilvally-Sround used <strong>Stealth Rock</strong>!<br></div><div class="battle-history"><small>Pointed stones float in the air around your team!</small><br></div><div class="spacer battle-history"><br></div><div class="battle-history">Landorus-Bengal used <strong>Stealth Rock</strong>!<br></div><div class="battle-history"><small>Pointed stones float in the air around the opposing team!</small><br></div><div class="spacer battle-history"><br></div><h2 class="battle-history">Turn 2</h2><div class="spacer battle-history"><br></div><div class="battle-history">The opposing Gilvally-Sround used <strong>Ice Beam</strong>!<br></div><div class="battle-history"><small>It's super effective!</small><br></div><div class="battle-history"><small>(Landorus-Bengal lost 68% of its health!)</small><br></div><div class="spacer battle-history"><br></div><div class="battle-history">Landorus-Bengal used <strong>U-turn</strong>!<br></div><div class="battle-history"><small>(The opposing Gilvally-Sround lost 9% of its health!)</small><br></div><div class="chat chatmessage-moretto"><strong style="color:#c82f9f"><small>+</small><span class="username" data-name="moretto">moretto</span>:</strong> <em>ZAMN!</em></div><div class="chat chatmessage-neonnitroglycerin"><strong style="color:#23a944"><small>+</small><span class="username" data-name="NeonNitroGlycerin">NeonNitroGlycerin</span>:</strong> <em>bvvvv</em></div><div class="chat chatmessage-beafcultist"><strong style="color:#3ab7b9"><small>+</small><span class="username" data-name="Beaf Cultist">Beaf Cultist</span>:</strong> <em>she's 12?!</em></div><div class="spacer battle-history"><br></div><div class="battle-history">Landorus-Bengal went back to frowntoad!<br></div><div class="battle-history">Go! <strong>Deoxys-Speed</strong>!<br></div><div class="chat"><ul class="utilichart"><li class="result"><span class="col pokemonnamecol" style="white-space: nowrap">Deoxys-Speed</span> <span class="col typecol"><img src="https://dragonheaven.herokuapp.com/sprites/types/Psychic.png" alt="Psychic" height="14" width="32"><img src="https://dragonheaven.herokuapp.com/sprites/types/Fire.png" alt="Fire" height="14" width="32"></span> <span style="float: left ; min-height: 26px"><span class="col abilitycol">Pressure / Power Core</span><span class="col abilitycol"></span></span></li><li style="clear: both"></li></ul></div><div class="chat"><ul class="utilichart"><li class="result"><span style="float: left ; min-height: 26px"><span class="col statcol"><em>HP</em><br>50</span> <span class="col statcol"><em>Atk</em><br>90</span> <span class="col statcol"><em>Def</em><br>85</span> <span class="col statcol"><em>SpA</em><br>90</span> <span class="col statcol"><em>SpD</em><br>85</span> <span class="col statcol"><em>Spe</em><br>140</span> </span></li><li style="clear: both"></li></ul></div><div class="battle-history"><small>Pointed stones dug into Deoxys-Speed!</small><br></div><div class="spacer battle-history"><br></div><div class="battle-history"><small>The opposing Gilvally-Sround restored a little HP using its Leftovers!</small><br></div><div class="spacer battle-history"><br></div><h2 class="battle-history">Turn 3</h2><div class="chat"><small></small></div><div class="chat chatmessage-moretto"><strong style="color:#c82f9f"><small>+</small><span class="username" data-name="moretto">moretto</span>:</strong> <em>🧐🤣🤡🤬😎</em></div><div class="spacer battle-history"><br></div><div class="battle-history">Deoxys-Speed, come back!<br></div><div class="battle-history">Go! <strong>Rotom-Fan</strong>!<br></div><div class="battle-history"><small>Pointed stones dug into Rotom-Fan!</small><br></div><div class="chat"><ul class="utilichart"><li class="result"><span class="col pokemonnamecol" style="white-space: nowrap">Rotom-Fan</span> <span class="col typecol"><img src="https://dragonheaven.herokuapp.com/sprites/types/Flying.png" alt="Flying" height="14" width="32"><img src="https://dragonheaven.herokuapp.com/sprites/types/Steel.png" alt="Steel" height="14" width="32"></span> <span style="float: left ; min-height: 26px"><span class="col abilitycol">Delta Stream</span><span class="col abilitycol"></span></span></li><li style="clear: both"></li></ul></div><div class="chat"><ul class="utilichart"><li class="result"><span style="float: left ; min-height: 26px"><span class="col statcol"><em>HP</em><br>100</span> <span class="col statcol"><em>Atk</em><br>65</span> <span class="col statcol"><em>Def</em><br>80</span> <span class="col statcol"><em>SpA</em><br>105</span> <span class="col statcol"><em>SpD</em><br>80</span> <span class="col statcol"><em>Spe</em><br>90</span> </span></li><li style="clear: both"></li></ul></div><div class="battle-history">[Rotom-Fan's Delta Stream]<br><small>Mysterious strong winds are protecting Flying-type Pokémon!</small><br></div><div class="spacer battle-history"><br></div><div class="battle-history">The opposing Gilvally-Sround used <strong>Earth Power</strong>!<br></div><div class="battle-history"><small>It doesn't affect Rotom-Fan...</small><br></div><div class="spacer battle-history"><br></div><div class="battle-history"><small>The opposing Gilvally-Sround restored a little HP using its Leftovers!</small><br></div><div class="battle-history"><small>Rotom-Fan restored a little HP using its Leftovers!</small><br></div><div class="spacer battle-history"><br></div><h2 class="battle-history">Turn 4</h2><div class="chat chatmessage-zxgzxg"><strong style="color:#8f19ef"><small>+</small><span class="username" data-name="zxgzxg">zxgzxg</span>:</strong> <em>hey guys watch the timer :ghost:</em></div><div class="spacer battle-history"><br></div><div class="battle-history">DarkraiRetribution withdrew Gilvally-Sround!<br></div><div class="battle-history">DarkraiRetribution sent out <strong>Aegishield</strong>!<br></div><div class="battle-history"><small>Pointed stones dug into the opposing Aegishield!</small><br></div><div class="chat"><ul class="utilichart"><li class="result"><span class="col pokemonnamecol" style="white-space: nowrap">Aegishield</span> <span class="col typecol"><img src="https://dragonheaven.herokuapp.com/sprites/types/Ghost.png" alt="Ghost" height="14" width="32"><img src="https://dragonheaven.herokuapp.com/sprites/types/Steel.png" alt="Steel" height="14" width="32"></span> <span style="float: left ; min-height: 26px"><span class="col abilitycol">Filter</span><span class="col abilitycol"></span></span></li><li style="clear: both"></li></ul></div><div class="chat"><ul class="utilichart"><li class="result"><span style="float: left ; min-height: 26px"><span class="col statcol"><em>HP</em><br>60</span> <span class="col statcol"><em>Atk</em><br>50</span> <span class="col statcol"><em>Def</em><br>140</span> <span class="col statcol"><em>SpA</em><br>50</span> <span class="col statcol"><em>SpD</em><br>140</span> <span class="col statcol"><em>Spe</em><br>60</span> </span></li><li style="clear: both"></li></ul></div><div class="spacer battle-history"><br></div><div class="battle-history">Rotom-Fan used <strong>Substitute</strong>!<br></div><div class="battle-history"><small>Rotom-Fan put in a substitute!</small><br></div><div class="battle-history"><small>(Rotom-Fan lost 25% of its health!)</small><br></div><div class="spacer battle-history"><br></div><div class="battle-history"><small>Rotom-Fan restored a little HP using its Leftovers!</small><br></div><div class="battle-history"><small>The opposing Aegishield restored a little HP using its Leftovers!</small><br></div><div class="spacer battle-history"><br></div><h2 class="battle-history">Turn 5</h2><div class="chat"><small>+ViZarPKMN joined</small></div><div class="chat chatmessage-gekokeso"><strong style="color:#9b940e"><small>+</small><span class="username" data-name="Gekokeso">Gekokeso</span>:</strong> <em>Was the DEO a misclick?</em></div><div class="chat chatmessage-moretto"><strong style="color:#c82f9f"><small>+</small><span class="username" data-name="moretto">moretto</span>:</strong> <em>is this what being ghosted feels like?</em></div><div class="spacer battle-history"><br></div><div class="battle-history">Rotom-Fan used <strong>Nasty Plot</strong>!<br></div><div class="battle-history"><small>Rotom-Fan's Sp. Atk rose sharply!</small><br></div><div class="spacer battle-history"><br></div><div class="battle-history">The opposing Aegishield used <strong>Volt Switch</strong>!<br></div><div class="battle-history"><small>The mysterious strong winds weakened the attack!</small><br></div><div class="battle-history"><small>The substitute took damage for Rotom-Fan!</small><br></div><div class="spacer battle-history"><br></div><div class="battle-history">The opposing Aegishield went back to DarkraiRetribution!<br></div><div class="battle-history">DarkraiRetribution sent out Gilvally-Sround (<strong>Silvally-Ground</strong>)!<br></div><div class="battle-history"><small>Pointed stones dug into the opposing Gilvally-Sround!</small><br></div><div class="battle-history">[The opposing Gilvally-Sround's Mold Breaker]<br><small>The opposing Gilvally-Sround breaks the mold!</small><br></div><div class="spacer battle-history"><br></div><div class="battle-history"><small>The opposing Gilvally-Sround restored a little HP using its Leftovers!</small><br></div><div class="battle-history"><small>Rotom-Fan restored a little HP using its Leftovers!</small><br></div><div class="spacer battle-history"><br></div><h2 class="battle-history">Turn 6</h2><div class="chat chatmessage-frowntoad"><strong style="color:#369b6c"><small>☆</small><span class="username" data-name="frowntoad">frowntoad</span>:</strong> <em>no</em></div><div class="spacer battle-history"><br></div><div class="battle-history">The opposing Gilvally-Sround used <strong>Ice Beam</strong>!<br></div><div class="battle-history"><small>The mysterious strong winds weakened the attack!</small><br></div><div class="battle-history"><small>It's not very effective...</small><br></div><div class="battle-history"><small>The substitute took damage for Rotom-Fan!</small><br></div><div class="spacer battle-history"><br></div><div class="battle-history">Rotom-Fan used <strong>Oblivion Wing</strong>!<br></div><div class="battle-history"><small>(The opposing Gilvally-Sround lost 62% of its health!)</small><br></div><div class="battle-history"><small>The opposing Gilvally-Sround had its energy drained!</small><br></div><div class="spacer battle-history"><br></div><div class="battle-history"><small>The opposing Gilvally-Sround restored a little HP using its Leftovers!</small><br></div><div class="spacer battle-history"><br></div><h2 class="battle-history">Turn 7</h2><div class="chat chatmessage-moretto"><strong style="color:#c82f9f"><small>+</small><span class="username" data-name="moretto">moretto</span>:</strong> <em>L</em></div><div class="spacer battle-history"><br></div><div class="battle-history">DarkraiRetribution withdrew Gilvally-Sround!<br></div><div class="battle-history">DarkraiRetribution sent out <strong>Aegishield</strong>!<br></div><div class="battle-history"><small>Pointed stones dug into the opposing Aegishield!</small><br></div><div class="spacer battle-history"><br></div><div class="battle-history">Rotom-Fan used <strong>Substitute</strong>!<br></div><div class="battle-history"><small>Rotom-Fan already has a substitute!</small><br></div><div class="spacer battle-history"><br></div><div class="battle-history"><small>The opposing Aegishield restored a little HP using its Leftovers!</small><br></div><div class="spacer battle-history"><br></div><h2 class="battle-history">Turn 8</h2><div class="spacer battle-history"><br></div><div class="battle-history">Rotom-Fan used <strong>Hidden Power</strong>!<br></div><div class="battle-history"><small>It's super effective!</small><br></div><div class="battle-history"><small>(The opposing Aegishield lost 37% of its health!)</small><br></div><div class="spacer battle-history"><br></div><div class="battle-history">The opposing Aegishield used <strong>Volt Switch</strong>!<br></div><div class="battle-history"><small>The mysterious strong winds weakened the attack!</small><br></div><div class="battle-history"><small>Rotom-Fan's substitute faded!</small><br></div><div class="chat chatmessage-neonnitroglycerin"><strong style="color:#23a944"><small>+</small><span class="username" data-name="NeonNitroGlycerin">NeonNitroGlycerin</span>:</strong> <em>oh lord</em></div><div class="chat chatmessage-zxgzxg"><strong style="color:#8f19ef"><small>+</small><span class="username" data-name="zxgzxg">zxgzxg</span>:</strong> <em>rotom fan more like</em></div><div class="chat chatmessage-zxgzxg"><strong style="color:#8f19ef"><small>+</small><span class="username" data-name="zxgzxg">zxgzxg</span>:</strong> <em>rotom ban</em></div><div class="spacer battle-history"><br></div><div class="battle-history">The opposing Aegishield went back to DarkraiRetribution!<br></div><div class="battle-history">DarkraiRetribution sent out <strong>Morpeko-Marsh</strong>!<br></div><div class="chat"><ul class="utilichart"><li class="result"><span class="col pokemonnamecol" style="white-space: nowrap">Morpeko-Marsh</span> <span class="col typecol"><img src="https://dragonheaven.herokuapp.com/sprites/types/Grass.png" alt="Grass" height="14" width="32"><img src="https://dragonheaven.herokuapp.com/sprites/types/Dark.png" alt="Dark" height="14" width="32"></span> <span style="float: left ; min-height: 26px"><span class="col abilitycol">Strong Jaw / Wash Up</span><span class="col abilitycol"></span></span></li><li style="clear: both"></li></ul></div><div class="chat"><ul class="utilichart"><li class="result"><span style="float: left ; min-height: 26px"><span class="col statcol"><em>HP</em><br>80</span> <span class="col statcol"><em>Atk</em><br>100</span> <span class="col statcol"><em>Def</em><br>95</span> <span class="col statcol"><em>SpA</em><br>50</span> <span class="col statcol"><em>SpD</em><br>115</span> <span class="col statcol"><em>Spe</em><br>110</span> </span></li><li style="clear: both"></li></ul></div><div class="battle-history"><small>Pointed stones dug into the opposing Morpeko-Marsh!</small><br></div><div class="battle-history"><small>Fire's power was weakened!</small><br></div><div class="spacer battle-history"><br></div><div class="battle-history"><small>The opposing Morpeko-Marsh restored a little HP using its Leftovers!</small><br></div><div class="spacer battle-history"><br></div><h2 class="battle-history">Turn 9</h2><div class="chat chatmessage-beafcultist"><strong style="color:#3ab7b9"><small>+</small><span class="username" data-name="Beaf Cultist">Beaf Cultist</span>:</strong> <em>sniped</em></div><div class="chat chatmessage-moretto"><strong style="color:#c82f9f"><small>+</small><span class="username" data-name="moretto">moretto</span>:</strong> <em>do something darkrai retribution pls</em></div><div class="chat chatmessage-moretto"><strong style="color:#c82f9f"><small>+</small><span class="username" data-name="moretto">moretto</span>:</strong> <em>cannot let fantom win</em></div><div class="chat chatmessage-beafcultist"><strong style="color:#3ab7b9"><small>+</small><span class="username" data-name="Beaf Cultist">Beaf Cultist</span>:</strong> <em>ez clap dw</em></div><div class="chat chatmessage-beafcultist"><strong style="color:#3ab7b9"><small>+</small><span class="username" data-name="Beaf Cultist">Beaf Cultist</span>:</strong> <em>he's with the GOURGS</em></div><div class="chat chatmessage-neonnitroglycerin"><strong style="color:#23a944"><small>+</small><span class="username" data-name="NeonNitroGlycerin">NeonNitroGlycerin</span>:</strong> <em>ONE GOURGILLION WINS</em></div><div class="chat chatmessage-moretto"><strong style="color:#c82f9f"><small>+</small><span class="username" data-name="moretto">moretto</span>:</strong> <em>who cares </em></div><div class="chat chatmessage-neonnitroglycerin"><strong style="color:#23a944"><small>+</small><span class="username" data-name="NeonNitroGlycerin">NeonNitroGlycerin</span>:</strong> <em>us</em></div><div class="chat chatmessage-moretto"><strong style="color:#c82f9f"><small>+</small><span class="username" data-name="moretto">moretto</span>:</strong> <em>L</em></div><div class="chat chatmessage-neonnitroglycerin"><strong style="color:#23a944"><small>+</small><span class="username" data-name="NeonNitroGlycerin">NeonNitroGlycerin</span>:</strong> <em>no i</em></div><div class="chat chatmessage-beafcultist"><strong style="color:#3ab7b9"><small>+</small><span class="username" data-name="Beaf Cultist">Beaf Cultist</span>:</strong> <em>me (owned)</em></div><div class="chat chatmessage-neonnitroglycerin"><strong style="color:#23a944"><small>+</small><span class="username" data-name="NeonNitroGlycerin">NeonNitroGlycerin</span>:</strong> <em>no u*</em></div><div class="chat chatmessage-moretto"><strong style="color:#c82f9f"><small>+</small><span class="username" data-name="moretto">moretto</span>:</strong> <em>!dt shaymin</em></div><div class="chat"><div class="message"><ul class="utilichart"><li class="result"><span class="col numcol">Alternatium</span> <span class="col iconcol"><span class="picon" style="background: transparent url(&quot;https://play.pokemonshowdown.com/sprites/pokemonicons-sheet.png?v4&quot;) no-repeat scroll -0px -1230px"></span></span> <span class="col pokemonnamecol" style="white-space: nowrap"><a href="https://dex.pokemonshowdown.com/pokemon/shaymin" target="_blank" rel="noopener">Shaymin</a></span> <span class="col typecol"><img src="https://dragonheaven.herokuapp.com/sprites/types/Grass.png" alt="Grass" height="14" width="32"></span> <span style="float: left ; min-height: 26px"><span class="col abilitycol">Poison Heal</span><span class="col abilitycol"><em>Oblivious</em></span></span><span style="float: left ; min-height: 26px"><span class="col statcol"><em>HP</em><br>100</span> <span class="col statcol"><em>Atk</em><br>60</span> <span class="col statcol"><em>Def</em><br>105</span> <span class="col statcol"><em>SpA</em><br>85</span> <span class="col statcol"><em>SpD</em><br>90</span> <span class="col statcol"><em>Spe</em><br>85</span> <span class="col bstcol"><em>BST<br>525</em></span> </span></li><li style="clear: both"></li></ul></div></div><div class="chat"><font size="1"><font color="#686868">Dex#:</font> 492&nbsp;|  <font color="#686868">Gen:</font> 4&nbsp;|  <font color="#686868">Height:</font> 0.2 m&nbsp;|  <font color="#686868">Weight:</font> 2.1 kg <em>(20 BP)</em>&nbsp;|  <font color="#686868">Egg Group(s):</font> Undiscovered&nbsp;|  <font color="#686868">Does Not Evolve</font></font></div><div class="chat chatmessage-gekokeso"><strong style="color:#9b940e"><small>+</small><span class="username" data-name="Gekokeso">Gekokeso</span>:</strong> <em>Darkrai is with gourgeists</em></div><div class="chat chatmessage-anaconja"><strong style="color:#9d24d6"><small>+</small><span class="username" data-name="anaconja">anaconja</span>:</strong> <em>🧌</em></div><div class="chat chatmessage-darkrairetribution"><strong style="color:#0f9554"><small>☆</small><span class="username" data-name="DarkraiRetribution">DarkraiRetribution</span>:</strong> <em>u still here</em></div><div class="chat chatmessage-beafcultist"><strong style="color:#3ab7b9"><small>+</small><span class="username" data-name="Beaf Cultist">Beaf Cultist</span>:</strong> <em>quick turn on timer (ez gourg clap)</em></div><div class="chat chatmessage-neonnitroglycerin"><strong style="color:#23a944"><small>+</small><span class="username" data-name="NeonNitroGlycerin">NeonNitroGlycerin</span>:</strong> <em>lmao did frowntoad leave</em></div><div class="chat chatmessage-moretto"><strong style="color:#c82f9f"><small>+</small><span class="username" data-name="moretto">moretto</span>:</strong> <em>WATCH THE TIMER GUYS</em></div><div class="spacer battle-history"><br></div><div class="battle-history">The opposing Morpeko-Marsh used <strong>Knock Off</strong>!<br></div><div class="battle-history"><small>(Rotom-Fan lost 36% of its health!)</small><br></div><div class="battle-history"><small>The opposing Morpeko-Marsh knocked off Rotom-Fan's Leftovers!</small><br></div><div class="spacer battle-history"><br></div><div class="battle-history">Rotom-Fan used <strong>Oblivion Wing</strong>!<br></div><div class="battle-history"><small>It's super effective!</small><br></div><div class="battle-history"><small>(The opposing Morpeko-Marsh lost 89% of its health!)</small><br></div><div class="battle-history"><small>The opposing Morpeko-Marsh had its energy drained!</small><br></div><div class="spacer battle-history"><br></div><div class="battle-history"><small>The opposing Morpeko-Marsh restored a little HP using its Leftovers!</small><br></div><div class="spacer battle-history"><br></div><h2 class="battle-history">Turn 10</h2><div class="chat chatmessage-neonnitroglycerin"><strong style="color:#23a944"><small>+</small><span class="username" data-name="NeonNitroGlycerin">NeonNitroGlycerin</span>:</strong> <em>oh god</em></div><div class="chat chatmessage-beafcultist"><strong style="color:#3ab7b9"><small>+</small><span class="username" data-name="Beaf Cultist">Beaf Cultist</span>:</strong> <em>fantom seems balanced</em></div><div class="spacer battle-history"><br></div><div class="battle-history">The opposing Morpeko-Marsh used <strong>Knock Off</strong>!<br></div><div class="battle-history"><small>(Rotom-Fan lost 21% of its health!)</small><br></div><div class="spacer battle-history"><br></div><div class="battle-history">Rotom-Fan used <strong>Oblivion Wing</strong>!<br></div><div class="battle-history"><small>It's super effective!</small><br></div><div class="battle-history"><small>(The opposing Morpeko-Marsh lost 11% of its health!)</small><br></div><div class="battle-history"><small>The opposing Morpeko-Marsh had its energy drained!</small><br></div><div class="spacer battle-history"><br></div><div class="battle-history">The opposing Morpeko-Marsh fainted!<br></div><div class="spacer battle-history"><br></div><div class="battle-history">DarkraiRetribution sent out Gilvally-Sround (<strong>Silvally-Ground</strong>)!<br></div><div class="battle-history"><small>Pointed stones dug into the opposing Gilvally-Sround!</small><br></div><div class="battle-history">[The opposing Gilvally-Sround's Mold Breaker]<br><small>The opposing Gilvally-Sround breaks the mold!</small><br></div><div class="spacer battle-history"><br></div><h2 class="battle-history">Turn 11</h2><div class="chat chatmessage-moretto"><strong style="color:#c82f9f"><small>+</small><span class="username" data-name="moretto">moretto</span>:</strong> <em>just run resists</em></div><div class="chat chatmessage-moretto"><strong style="color:#c82f9f"><small>+</small><span class="username" data-name="moretto">moretto</span>:</strong> <em>lol!</em></div><div class="chat chatmessage-gekokeso"><strong style="color:#9b940e"><small>+</small><span class="username" data-name="Gekokeso">Gekokeso</span>:</strong> <em>Me when no air resist</em></div><div class="spacer battle-history"><br></div><div class="battle-history">The opposing Gilvally-Sround used <strong>Ice Beam</strong>!<br></div><div class="battle-history"><small>The mysterious strong winds weakened the attack!</small><br></div><div class="battle-history"><small>It's not very effective...</small><br></div><div class="battle-history"><small>(Rotom-Fan lost 11% of its health!)</small><br></div><div class="spacer battle-history"><br></div><div class="battle-history">Rotom-Fan used <strong>Substitute</strong>!<br></div><div class="battle-history"><small>Rotom-Fan put in a substitute!</small><br></div><div class="battle-history"><small>(Rotom-Fan lost 25% of its health!)</small><br></div><div class="spacer battle-history"><br></div><div class="battle-history"><small>The opposing Gilvally-Sround restored a little HP using its Leftovers!</small><br></div><div class="spacer battle-history"><br></div><h2 class="battle-history">Turn 12</h2><div class="spacer battle-history"><br></div><div class="battle-history">The opposing Gilvally-Sround used <strong>Ice Beam</strong>!<br></div><div class="battle-history"><small>The mysterious strong winds weakened the attack!</small><br></div><div class="battle-history"><small>It's not very effective...</small><br></div><div class="battle-history"><small>The substitute took damage for Rotom-Fan!</small><br></div><div class="spacer battle-history"><br></div><div class="battle-history">Rotom-Fan used <strong>Oblivion Wing</strong>!<br></div><div class="battle-history"><small>(The opposing Gilvally-Sround lost 44% of its health!)</small><br></div><div class="battle-history"><small>The opposing Gilvally-Sround had its energy drained!</small><br></div><div class="spacer battle-history"><br></div><div class="battle-history">The opposing Gilvally-Sround fainted!<br></div><div class="spacer battle-history"><br></div><div class="battle-history"><small>The effects of Water Sport have faded.</small><br></div><div class="chat chatmessage-neonnitroglycerin"><strong style="color:#23a944"><small>+</small><span class="username" data-name="NeonNitroGlycerin">NeonNitroGlycerin</span>:</strong> <em>what drugs did people give fantom jesus</em></div><div class="spacer battle-history"><br></div><div class="battle-history">DarkraiRetribution sent out <strong>Aegishield</strong>!<br></div><div class="battle-history"><small>Pointed stones dug into the opposing Aegishield!</small><br></div><div class="spacer battle-history"><br></div><h2 class="battle-history">Turn 13</h2><div class="chat chatmessage-beafcultist"><strong style="color:#3ab7b9"><small>+</small><span class="username" data-name="Beaf Cultist">Beaf Cultist</span>:</strong> <em>i love when my delta stream steel/flying with NP+owing</em></div><div class="spacer battle-history"><br></div><div class="battle-history">Rotom-Fan used <strong>Nasty Plot</strong>!<br></div><div class="battle-history"><small>Rotom-Fan's Sp. Atk rose sharply!</small><br></div><div class="spacer battle-history"><br></div><div class="battle-history">The opposing Aegishield used <strong>Slack Off</strong>!<br></div><div class="battle-history"><small>The opposing Aegishield had its HP restored.</small><br></div><div class="spacer battle-history"><br></div><h2 class="battle-history">Turn 14</h2><div class="chat chatmessage-moretto"><strong style="color:#c82f9f"><small>+</small><span class="username" data-name="moretto">moretto</span>:</strong> <em>air fryer</em></div><div class="chat chatmessage-beafcultist"><strong style="color:#3ab7b9"><small>+</small><span class="username" data-name="Beaf Cultist">Beaf Cultist</span>:</strong> <em>best game design i've ever seen</em></div><div class="spacer battle-history"><br></div><div class="battle-history">Rotom-Fan used <strong>Hidden Power</strong>!<br></div><div class="battle-history"><small>It's super effective!</small><br></div><div class="battle-history"><small>(The opposing Aegishield lost 56% of its health!)</small><br></div><div class="spacer battle-history"><br></div><div class="battle-history">The opposing Aegishield used <strong>Volt Switch</strong>!<br></div><div class="battle-history"><small>The mysterious strong winds weakened the attack!</small><br></div><div class="battle-history"><small>The substitute took damage for Rotom-Fan!</small><br></div><div class="spacer battle-history"><br></div><div class="battle-history">The opposing Aegishield went back to DarkraiRetribution!<br></div><div class="battle-history">DarkraiRetribution sent out Siratina-Ghadow (<strong>Giratina-Shadow</strong>)!<br></div><div class="battle-history"><small>Pointed stones dug into the opposing Siratina-Ghadow!</small><br></div><div class="chat"><ul class="utilichart"><li class="result"><span class="col pokemonnamecol" style="white-space: nowrap">Giratina-Shadow</span> <span class="col typecol"><img src="https://dragonheaven.herokuapp.com/sprites/types/Dragon.png" alt="Dragon" height="14" width="32"><img src="https://dragonheaven.herokuapp.com/sprites/types/Ghost.png" alt="Ghost" height="14" width="32"></span> <span style="float: left ; min-height: 26px"><span class="col abilitycol">Levitate / Shadow World</span><span class="col abilitycol"></span></span></li><li style="clear: both"></li></ul></div><div class="chat"><ul class="utilichart"><li class="result"><span style="float: left ; min-height: 26px"><span class="col statcol"><em>HP</em><br>100</span> <span class="col statcol"><em>Atk</em><br>100</span> <span class="col statcol"><em>Def</em><br>100</span> <span class="col statcol"><em>SpA</em><br>100</span> <span class="col statcol"><em>SpD</em><br>100</span> <span class="col statcol"><em>Spe</em><br>100</span> </span></li><li style="clear: both"></li></ul></div><div class="battle-history">[The opposing Siratina-Ghadow's Shadow World]<br></div><div class="spacer battle-history"><br></div><div class="battle-history"><small>The opposing Siratina-Ghadow restored a little HP using its Leftovers!</small><br></div><div class="spacer battle-history"><br></div><h2 class="battle-history">Turn 15</h2><div class="chat chatmessage-moretto"><strong style="color:#c82f9f"><small>+</small><span class="username" data-name="moretto">moretto</span>:</strong> <em>shut up u dont play alt</em></div><div class="chat chatmessage-neonnitroglycerin"><strong style="color:#23a944"><small>+</small><span class="username" data-name="NeonNitroGlycerin">NeonNitroGlycerin</span>:</strong> <em>shits disgusting lmao</em></div><div class="chat chatmessage-moretto"><strong style="color:#c82f9f"><small>+</small><span class="username" data-name="moretto">moretto</span>:</strong> <em>SIRATINA</em></div><div class="spacer battle-history"><br></div><div class="battle-history">The opposing Siratina-Ghadow used <strong>Hex</strong>!<br></div><div class="battle-history"><small>Rotom-Fan's substitute faded!</small><br></div><div class="spacer battle-history"><br></div><div class="battle-history">Rotom-Fan used <strong>Oblivion Wing</strong>!<br></div><div class="battle-history"><small>(The opposing Siratina-Ghadow lost 94% of its health!)</small><br></div><div class="battle-history"><small>The opposing Siratina-Ghadow had its energy drained!</small><br></div><div class="spacer battle-history"><br></div><div class="battle-history">The opposing Siratina-Ghadow fainted!<br></div><div class="chat chatmessage-moretto"><strong style="color:#c82f9f"><small>+</small><span class="username" data-name="moretto">moretto</span>:</strong> <em>LEZZZGOOOOOO</em></div><div class="spacer battle-history"><br></div><div class="battle-history">DarkraiRetribution sent out Weoxys-Dood (<strong>Deoxys-Wood</strong>)!<br></div><div class="chat"><ul class="utilichart"><li class="result"><span class="col pokemonnamecol" style="white-space: nowrap">Deoxys-Wood</span> <span class="col typecol"><img src="https://dragonheaven.herokuapp.com/sprites/types/Grass.png" alt="Grass" height="14" width="32"><img src="https://dragonheaven.herokuapp.com/sprites/types/Fighting.png" alt="Fighting" height="14" width="32"></span> <span style="float: left ; min-height: 26px"><span class="col abilitycol">Flower Veil / Triage</span><span class="col abilitycol"></span></span></li><li style="clear: both"></li></ul></div><div class="chat"><ul class="utilichart"><li class="result"><span style="float: left ; min-height: 26px"><span class="col statcol"><em>HP</em><br>100</span> <span class="col statcol"><em>Atk</em><br>100</span> <span class="col statcol"><em>Def</em><br>80</span> <span class="col statcol"><em>SpA</em><br>110</span> <span class="col statcol"><em>SpD</em><br>90</span> <span class="col statcol"><em>Spe</em><br>60</span> </span></li><li style="clear: both"></li></ul></div><div class="battle-history"><small>Pointed stones dug into the opposing Weoxys-Dood!</small><br></div><div class="spacer battle-history"><br></div><h2 class="battle-history">Turn 16</h2><div class="chat chatmessage-moretto"><strong style="color:#c82f9f"><small>+</small><span class="username" data-name="moretto">moretto</span>:</strong> <em>WOOOOOO</em></div><div class="chat chatmessage-moretto"><strong style="color:#c82f9f"><small>+</small><span class="username" data-name="moretto">moretto</span>:</strong> <em>.</em></div><div class="chat chatmessage-anaconja"><strong style="color:#9d24d6"><small>+</small><span class="username" data-name="anaconja">anaconja</span>:</strong> <em>dood</em></div><div class="chat chatmessage-vizarpkmn"><strong style="color:#4f78c0"><small>+</small><span class="username" data-name="ViZarPKMN">ViZarPKMN</span>:</strong> <em>fuck off neon</em></div><div class="chat chatmessage-frowntoad"><strong style="color:#369b6c"><small>☆</small><span class="username" data-name="frowntoad">frowntoad</span>:</strong> <em>yo i was wondering why that morpeko was faster</em></div><div class="chat chatmessage-frowntoad"><strong style="color:#369b6c"><small>☆</small><span class="username" data-name="frowntoad">frowntoad</span>:</strong> <em>i keep looking at base speed</em></div><div class="chat chatmessage-neonnitroglycerin"><strong style="color:#23a944"><small>+</small><span class="username" data-name="NeonNitroGlycerin">NeonNitroGlycerin</span>:</strong> <em>viz its 1 singular mon</em></div><div class="chat chatmessage-neonnitroglycerin"><strong style="color:#23a944"><small>+</small><span class="username" data-name="NeonNitroGlycerin">NeonNitroGlycerin</span>:</strong> <em>99% of alternatium is awesome</em></div><div class="chat chatmessage-moretto"><strong style="color:#c82f9f"><small>+</small><span class="username" data-name="moretto">moretto</span>:</strong> <em>Just run resists imo</em></div><div class="chat chatmessage-beafcultist"><strong style="color:#3ab7b9"><small>+</small><span class="username" data-name="Beaf Cultist">Beaf Cultist</span>:</strong> <em>:|</em></div><div class="chat chatmessage-moretto"><strong style="color:#c82f9f"><small>+</small><span class="username" data-name="moretto">moretto</span>:</strong> <em>!dt silvally electric</em></div><div class="chat"><div class="message"><ul class="utilichart"><li class="result"><span class="col numcol">Alternatium</span> <span class="col iconcol"><span class="picon" style="background: transparent url(&quot;https://play.pokemonshowdown.com/sprites/pokemonicons-sheet.png?v4&quot;) no-repeat scroll -200px -1920px"></span></span> <span class="col pokemonnamecol" style="white-space: nowrap"><a href="https://dex.pokemonshowdown.com/pokemon/silvallyelectric" target="_blank" rel="noopener">Silvally-Electric</a></span> <span class="col typecol"><img src="https://dragonheaven.herokuapp.com/sprites/types/Electric.png" alt="Electric" height="14" width="32"></span> <span style="float: left ; min-height: 26px"><span class="col abilitycol">Lightning Rod</span><span class="col abilitycol"></span></span><span style="float: left ; min-height: 26px"><span class="col statcol"><em>HP</em><br>95</span> <span class="col statcol"><em>Atk</em><br>95</span> <span class="col statcol"><em>Def</em><br>95</span> <span class="col statcol"><em>SpA</em><br>115</span> <span class="col statcol"><em>SpD</em><br>95</span> <span class="col statcol"><em>Spe</em><br>105</span> <span class="col bstcol"><em>BST<br>600</em></span> </span></li><li style="clear: both"></li></ul></div></div><div class="chat"><font size="1"><font color="#686868">Dex#:</font> 773&nbsp;|  <font color="#686868">Gen:</font> 7&nbsp;|  <font color="#686868">Height:</font> 2.3 m&nbsp;|  <font color="#686868">Weight:</font> 100.5 kg <em>(100 BP)</em>&nbsp;|  Egg Group(s)&nbsp;|  <font color="#686868">Does Not Evolve</font></font></div><div class="chat chatmessage-beafcultist"><strong style="color:#3ab7b9"><small>+</small><span class="username" data-name="Beaf Cultist">Beaf Cultist</span>:</strong> <em>common mons flying/hp fire resists</em></div><div class="chat chatmessage-beafcultist"><strong style="color:#3ab7b9"><small>+</small><span class="username" data-name="Beaf Cultist">Beaf Cultist</span>:</strong> <em>rocks are everywhere for sure</em></div><div class="chat chatmessage-vizarpkmn"><strong style="color:#4f78c0"><small>+</small><span class="username" data-name="ViZarPKMN">ViZarPKMN</span>:</strong> <em>I think it's interesting how y'all love alt until a game is played, where it is suddently the most unbalanced shit ever</em></div><div class="chat chatmessage-moretto"><strong style="color:#c82f9f"><small>+</small><span class="username" data-name="moretto">moretto</span>:</strong> <em>Thundurus T</em></div><div class="chat chatmessage-moretto"><strong style="color:#c82f9f"><small>+</small><span class="username" data-name="moretto">moretto</span>:</strong> <em>LOL</em></div><div class="spacer battle-history"><br></div><div class="battle-history">The opposing Weoxys-Dood used <strong>Drain Punch</strong>!<br></div><div class="battle-history"><small>(Rotom-Fan lost 50% of its health!)</small><br></div><div class="battle-history"><small>Rotom-Fan had its energy drained!</small><br></div><div class="battle-history"><small>The opposing Weoxys-Dood lost some of its HP!</small><br></div><div class="spacer battle-history"><br></div><div class="battle-history">Rotom-Fan used <strong>Oblivion Wing</strong>!<br></div><div class="battle-history"><small>It's super effective!</small><br></div><div class="battle-history"><small>(The opposing Weoxys-Dood lost 91% of its health!)</small><br></div><div class="battle-history"><small>The opposing Weoxys-Dood had its energy drained!</small><br></div><div class="spacer battle-history"><br></div><div class="battle-history">The opposing Weoxys-Dood fainted!<br></div><div class="chat chatmessage-gekokeso"><strong style="color:#9b940e"><small>+</small><span class="username" data-name="Gekokeso">Gekokeso</span>:</strong> <em>Me when the commies and the boomers win before other teams can post predicts 😎</em></div><div class="chat chatmessage-beafcultist"><strong style="color:#3ab7b9"><small>+</small><span class="username" data-name="Beaf Cultist">Beaf Cultist</span>:</strong> <em>viz look at the field</em></div><div class="chat chatmessage-beafcultist"><strong style="color:#3ab7b9"><small>+</small><span class="username" data-name="Beaf Cultist">Beaf Cultist</span>:</strong> <em>rn</em></div><div class="chat chatmessage-neonnitroglycerin"><strong style="color:#23a944"><small>+</small><span class="username" data-name="NeonNitroGlycerin">NeonNitroGlycerin</span>:</strong> <em>viz i still love alt</em></div><div class="chat chatmessage-zxgzxg"><strong style="color:#8f19ef"><small>+</small><span class="username" data-name="zxgzxg">zxgzxg</span>:</strong> <em>alt is cool</em></div><div class="chat chatmessage-darkrairetribution"><strong style="color:#0f9554"><small>☆</small><span class="username" data-name="DarkraiRetribution">DarkraiRetribution</span>:</strong> <em>f</em></div><div class="chat chatmessage-zxgzxg"><strong style="color:#8f19ef"><small>+</small><span class="username" data-name="zxgzxg">zxgzxg</span>:</strong> <em>however</em></div><div class="chat chatmessage-darkrairetribution"><strong style="color:#0f9554"><small>☆</small><span class="username" data-name="DarkraiRetribution">DarkraiRetribution</span>:</strong> <em>gg</em></div><div class="spacer battle-history"><br></div><div class="battle-history">DarkraiRetribution sent out Blowsro (<strong>Slowbro</strong>)!<br></div><div class="battle-history"><small>Pointed stones dug into the opposing Blowsro!</small><br></div><div class="chat"><ul class="utilichart"><li class="result"><span class="col pokemonnamecol" style="white-space: nowrap">Slowbro</span> <span class="col typecol"><img src="https://dragonheaven.herokuapp.com/sprites/types/Water.png" alt="Water" height="14" width="32"><img src="https://dragonheaven.herokuapp.com/sprites/types/Ground.png" alt="Ground" height="14" width="32"></span> <span style="float: left ; min-height: 26px"><span class="col abilitycol">Oblivious / Shell Armor / Sand Spit</span><span class="col abilitycol"></span></span></li><li style="clear: both"></li></ul></div><div class="chat"><ul class="utilichart"><li class="result"><span style="float: left ; min-height: 26px"><span class="col statcol"><em>HP</em><br>90</span> <span class="col statcol"><em>Atk</em><br>75</span> <span class="col statcol"><em>Def</em><br>165</span> <span class="col statcol"><em>SpA</em><br>95</span> <span class="col statcol"><em>SpD</em><br>55</span> <span class="col statcol"><em>Spe</em><br>30</span> </span></li><li style="clear: both"></li></ul></div><div class="spacer battle-history"><br></div><h2 class="battle-history">Turn 17</h2><div class="chat chatmessage-zxgzxg"><strong style="color:#8f19ef"><small>+</small><span class="username" data-name="zxgzxg">zxgzxg</span>:</strong> <em>gourgs winning is cooler</em></div><div class="spacer battle-history"><br></div><div class="battle-history">Rotom-Fan used <strong>Substitute</strong>!<br></div><div class="battle-history"><small>Rotom-Fan put in a substitute!</small><br></div><div class="battle-history"><small>(Rotom-Fan lost 25% of its health!)</small><br></div><div class="spacer battle-history"><br></div><div class="battle-history">The opposing Blowsro used <strong>Scald</strong>!<br></div><div class="battle-history"><small>Rotom-Fan's substitute faded!</small><br></div><div class="spacer battle-history"><br></div><div class="battle-history"><small>The opposing Blowsro restored a little HP using its Leftovers!</small><br></div><div class="spacer battle-history"><br></div><h2 class="battle-history">Turn 18</h2><div class="chat chatmessage-beafcultist"><strong style="color:#3ab7b9"><small>+</small><span class="username" data-name="Beaf Cultist">Beaf Cultist</span>:</strong> <em>exactly</em></div><div class="spacer battle-history"><br></div><div class="battle-history">Rotom-Fan used <strong>Oblivion Wing</strong>!<br></div><div class="battle-history"><small>(The opposing Blowsro lost 100% of its health!)</small><br></div><div class="battle-history"><small>The opposing Blowsro had its energy drained!</small><br></div><div class="spacer battle-history"><br></div><div class="battle-history">The opposing Blowsro fainted!<br></div><div class="spacer battle-history"><br></div><div class="battle-history">DarkraiRetribution sent out <strong>Aegishield</strong>!<br></div><div class="battle-history"><small>Pointed stones dug into the opposing Aegishield!</small><br></div><div class="spacer battle-history"><br></div><h2 class="battle-history">Turn 19</h2><div class="chat chatmessage-neonnitroglycerin"><strong style="color:#23a944"><small>+</small><span class="username" data-name="NeonNitroGlycerin">NeonNitroGlycerin</span>:</strong> <em>i would be the number 1 fantom enjoyer if i had discovered it myself</em></div><div class="spacer battle-history"><br></div><div class="battle-history">Rotom-Fan used <strong>Hidden Power</strong>!<br></div><div class="battle-history"><small>It's super effective!</small><br></div><div class="battle-history"><small>(The opposing Aegishield lost 38% of its health!)</small><br></div><div class="spacer battle-history"><br></div><div class="battle-history">The opposing Aegishield fainted!<br></div><div class="spacer battle-history"><br></div><div class="battle-history"><strong>frowntoad</strong> won the battle!<br></div><div class="chat chatmessage-frowntoad"><strong style="color:#369b6c"><small>☆</small><span class="username" data-name="frowntoad">frowntoad</span>:</strong> <em>gg</em></div><div class="chat chatmessage-moretto"><strong style="color:#c82f9f"><small>+</small><span class="username" data-name="moretto">moretto</span>:</strong> <em>BLOWSRO YOOOOO</em></div><div class="chat chatmessage-anaconja"><strong style="color:#9d24d6"><small>+</small><span class="username" data-name="anaconja">anaconja</span>:</strong> <em>gg</em></div><div class="chat"><small>+anaconja left</small></div><div class="chat chatmessage-gekokeso"><strong style="color:#9b940e"><small>+</small><span class="username" data-name="Gekokeso">Gekokeso</span>:</strong> <em>Wait which team is Darkrai on again?</em></div><div class="chat"><small>+moretto left</small></div><div class="chat chatmessage-neonnitroglycerin"><strong style="color:#23a944"><small>+</small><span class="username" data-name="NeonNitroGlycerin">NeonNitroGlycerin</span>:</strong> <em>gourgs</em></div><div class="chat chatmessage-darkrairetribution"><strong style="color:#0f9554"><small>☆</small><span class="username" data-name="DarkraiRetribution">DarkraiRetribution</span>:</strong> <em>gourgeists</em></div><div class="chat"><small>+NeonNitroGlycerin and +ViZarPKMN left</small></div><div class="chat chatmessage-gekokeso"><strong style="color:#9b940e"><small>+</small><span class="username" data-name="Gekokeso">Gekokeso</span>:</strong> <em>Oh ok</em></div><div class="chat"><small>+moretto joined; +Gekokeso, +Beaf Cultist, ☆DarkraiRetribution, +zxgzxg, +moretto, and ☆frowntoad left</small></div></div><div class="inner-preempt message-log"></div></div></div>
</div>
<script>
let daily = Math.floor(Date.now()/1000/60/60/24);document.write('<script src="https://dragonheaven.herokuapp.com/js/replay-embed.js?version'+daily+'"></'+'script>');
</script>
