<!DOCTYPE html>
<meta charset="utf-8" />
<!-- version 1 -->
<title>[Gen 8] Fusion Evolution UU replay: Bobsican vs. Analysis geek</title>
<style>
html,body {font-family:Verdana, sans-serif;font-size:10pt;margin:0;padding:0;}body{padding:12px 0;} .battle-log {font-family:Verdana, sans-serif;font-size:10pt;} .battle-log-inline {border:1px solid #AAAAAA;background:#EEF2F5;color:black;max-width:640px;margin:0 auto 80px;padding-bottom:5px;} .battle-log .inner {padding:4px 8px 0px 8px;} .battle-log .inner-preempt {padding:0 8px 4px 8px;} .battle-log .inner-after {margin-top:0.5em;} .battle-log h2 {margin:0.5em -8px;padding:4px 8px;border:1px solid #AAAAAA;background:#E0E7EA;border-left:0;border-right:0;font-family:Verdana, sans-serif;font-size:13pt;} .battle-log .chat {vertical-align:middle;padding:3px 0 3px 0;font-size:8pt;} .battle-log .chat strong {color:#40576A;} .battle-log .chat em {padding:1px 4px 1px 3px;color:#000000;font-style:normal;} .chat.mine {background:rgba(0,0,0,0.05);margin-left:-8px;margin-right:-8px;padding-left:8px;padding-right:8px;} .spoiler {color:#BBBBBB;background:#BBBBBB;padding:0px 3px;} .spoiler:hover, .spoiler:active, .spoiler-shown {color:#000000;background:#E2E2E2;padding:0px 3px;} .spoiler a {color:#BBBBBB;} .spoiler:hover a, .spoiler:active a, .spoiler-shown a {color:#2288CC;} .chat code, .chat .spoiler:hover code, .chat .spoiler:active code, .chat .spoiler-shown code {border:1px solid #C0C0C0;background:#EEEEEE;color:black;padding:0 2px;} .chat .spoiler code {border:1px solid #CCCCCC;background:#CCCCCC;color:#CCCCCC;} .battle-log .rated {padding:3px 4px;} .battle-log .rated strong {color:white;background:#89A;padding:1px 4px;border-radius:4px;} .spacer {margin-top:0.5em;} .message-announce {background:#6688AA;color:white;padding:1px 4px 2px;} .message-announce a, .broadcast-green a, .broadcast-blue a, .broadcast-red a {color:#DDEEFF;} .broadcast-green {background-color:#559955;color:white;padding:2px 4px;} .broadcast-blue {background-color:#6688AA;color:white;padding:2px 4px;} .infobox {border:1px solid #6688AA;padding:2px 4px;} .infobox-limited {max-height:200px;overflow:auto;overflow-x:hidden;} .broadcast-red {background-color:#AA5544;color:white;padding:2px 4px;} .message-learn-canlearn {font-weight:bold;color:#228822;text-decoration:underline;} .message-learn-cannotlearn {font-weight:bold;color:#CC2222;text-decoration:underline;} .message-effect-weak {font-weight:bold;color:#CC2222;} .message-effect-resist {font-weight:bold;color:#6688AA;} .message-effect-immune {font-weight:bold;color:#666666;} .message-learn-list {margin-top:0;margin-bottom:0;} .message-throttle-notice, .message-error {color:#992222;} .message-overflow, .chat small.message-overflow {font-size:0pt;} .message-overflow::before {font-size:9pt;content:'...';} .subtle {color:#3A4A66;}
</style>
<div class="wrapper replay-wrapper" style="max-width:1180px;margin:0 auto">
<input type="hidden" name="replayid" value="dragonheaven-gen8fusionevolutionuu-60" />
<div class="battle"></div><div class="battle-log"></div><div class="replay-controls"></div><div class="replay-controls-2"></div>
<h1 style="font-weight:normal;text-align:center"><strong>[Gen 8] Fusion Evolution UU</strong><br /><a href="http://pokemonshowdown.com/users/bobsican" class="subtle" target="_blank">Bobsican</a> vs. <a href="http://pokemonshowdown.com/users/analysisgeek" class="subtle" target="_blank">Analysis geek</a></h1>
<script type="text/plain" class="battle-log-data">|j|☆Bobsican
|j|☆Analysis geek
|t:|1652573410
|player|p1|Bobsican|265|
|player|p2|Analysis geek|169|
|teamsize|p1|6
|teamsize|p2|6
|gametype|singles
|gen|8
|tier|[Gen 8] Fusion Evolution UU
|clearpoke
|poke|p1|Glidol, F|
|poke|p1|Volquag, F|
|poke|p1|Absable, M|
|poke|p1|Igglyzenta-Crowned, F|
|poke|p1|Mesflame, M|
|poke|p1|Goodevoir, M|
|poke|p2|Noze-Dawn-Wings, M|
|poke|p2|Trapeino, F|
|poke|p2|Thornbro-Galar, M|
|poke|p2|Pincurchitar, F|
|poke|p2|Mesflame, F|
|poke|p2|Jirachonator, M|
|rule|HP Percentage Mod: HP is shown in percentages
|rule|Endless Battle Clause: Forcing endless battles is banned
|rule|OHKO Clause: OHKO moves are banned
|rule|Evasion Moves Clause: Evasion moves are banned
|rule|Species Clause: Limit one of each Pokémon
|rule|Dynamax Clause: You cannot dynamax
|rule|Sleep Clause Mod: Limit one foe put to sleep
|rule|Z-Move Clause: Z-Moves are banned
|teampreview
|c|☆Bobsican|glhf
|c|☆Analysis geek|u2
|j|+zxgzxg
|
|t:|1652573477
|start
|switch|p1a: Sableye 2|Absable, M|100\/100
|switch|p2a: Thornbro-Galar|Thornbro-Galar, M|100\/100
|-start|p1a: Sableye 2|typechange|Dark\/Ghost|[silent]
|raw|<ul class="utilichart"><li class="result"><span class="col pokemonnamecol" style="white-space: nowrap">Absable<\/span> <span class="col typecol"><img src="https:\/\/dragonheaven.herokuapp.com\/sprites\/types\/Dark.png" alt="Dark" height="14" width="32"><img src="https:\/\/dragonheaven.herokuapp.com\/sprites\/types\/Ghost.png" alt="Ghost" height="14" width="32"><\/span> <span style="float: left ; min-height: 26px"><span class="col abilitycol">Dark Humour<\/span><span class="col abilitycol"><\/span><\/span><\/li><li style="clear: both"><\/li><\/ul>
|raw|<ul class="utilichart"><li class="result"><span style="float: left ; min-height: 26px"><span class="col statcol"><em>HP<\/em><br>60<\/span> <span class="col statcol"><em>Atk<\/em><br>110<\/span> <span class="col statcol"><em>Def<\/em><br>70<\/span> <span class="col statcol"><em>SpA<\/em><br>70<\/span> <span class="col statcol"><em>SpD<\/em><br>75<\/span> <span class="col statcol"><em>Spe<\/em><br>75<\/span> <\/span><\/li><li style="clear: both"><\/li><\/ul>
|-start|p2a: Thornbro-Galar|typechange|Grass\/Poison|[silent]
|raw|<ul class="utilichart"><li class="result"><span class="col pokemonnamecol" style="white-space: nowrap">Thornbro-Galar<\/span> <span class="col typecol"><img src="https:\/\/dragonheaven.herokuapp.com\/sprites\/types\/Grass.png" alt="Grass" height="14" width="32"><img src="https:\/\/dragonheaven.herokuapp.com\/sprites\/types\/Poison.png" alt="Poison" height="14" width="32"><\/span> <span style="float: left ; min-height: 26px"><span class="col abilitycol">Prophylaxis<\/span><span class="col abilitycol"><\/span><\/span><\/li><li style="clear: both"><\/li><\/ul>
|raw|<ul class="utilichart"><li class="result"><span style="float: left ; min-height: 26px"><span class="col statcol"><em>HP<\/em><br>104<\/span> <span class="col statcol"><em>Atk<\/em><br>97<\/span> <span class="col statcol"><em>Def<\/em><br>113<\/span> <span class="col statcol"><em>SpA<\/em><br>97<\/span> <span class="col statcol"><em>SpD<\/em><br>93<\/span> <span class="col statcol"><em>Spe<\/em><br>25<\/span> <\/span><\/li><li style="clear: both"><\/li><\/ul>
|turn|1
|
|t:|1652573486
|detailschange|p1a: Sableye 2|Absable-Mega-Y, M
|-mega|p1a: Sableye 2|Absable|Sablenite
|-start|p1a: Sableye 2|typechange|Dark\/Ghost|[silent]
|raw|<ul class="utilichart"><li class="result"><span class="col pokemonnamecol" style="white-space: nowrap">Absable-Mega-Y<\/span> <span class="col typecol"><img src="https:\/\/dragonheaven.herokuapp.com\/sprites\/types\/Dark.png" alt="Dark" height="14" width="32"><img src="https:\/\/dragonheaven.herokuapp.com\/sprites\/types\/Ghost.png" alt="Ghost" height="14" width="32"><\/span> <span style="float: left ; min-height: 26px"><span class="col abilitycol">Magic Bounce<\/span><span class="col abilitycol"><\/span><\/span><span style="float: left ; min-height: 26px"><span class="col statcol"><em>HP<\/em><br>60<\/span> <span class="col statcol"><em>Atk<\/em><br>120<\/span> <span class="col statcol"><em>Def<\/em><br>120<\/span> <span class="col statcol"><em>SpA<\/em><br>90<\/span> <span class="col statcol"><em>SpD<\/em><br>125<\/span> <span class="col statcol"><em>Spe<\/em><br>45<\/span> <\/span><\/li><li style="clear: both"><\/li><\/ul>
|move|p1a: Sableye 2|Will-O-Wisp|p2a: Thornbro-Galar
|-status|p2a: Thornbro-Galar|brn
|move|p2a: Thornbro-Galar|Sludge Bomb|p1a: Sableye 2
|-resisted|p1a: Sableye 2
|-damage|p1a: Sableye 2|91\/100
|
|-damage|p2a: Thornbro-Galar|94\/100 brn|[from] brn
|upkeep
|turn|2
|
|t:|1652573496
|move|p1a: Sableye 2|Knock Off|p2a: Thornbro-Galar
|-damage|p2a: Thornbro-Galar|73\/100 brn
|-enditem|p2a: Thornbro-Galar|Eject Button|[from] move: Knock Off|[of] p1a: Sableye 2
|move|p2a: Thornbro-Galar|Sludge Bomb|p1a: Sableye 2
|-resisted|p1a: Sableye 2
|-damage|p1a: Sableye 2|81\/100
|
|-damage|p2a: Thornbro-Galar|67\/100 brn|[from] brn
|upkeep
|turn|3
|
|t:|1652573514
|switch|p1a: Ability is stretch|Igglyzenta-Crowned, F|100\/100
|-start|p1a: Ability is stretch|typechange|Fairy\/Steel|[silent]
|raw|<ul class="utilichart"><li class="result"><span class="col pokemonnamecol" style="white-space: nowrap">Igglyzenta-Crowned<\/span> <span class="col typecol"><img src="https:\/\/dragonheaven.herokuapp.com\/sprites\/types\/Fairy.png" alt="Fairy" height="14" width="32"><img src="https:\/\/dragonheaven.herokuapp.com\/sprites\/types\/Steel.png" alt="Steel" height="14" width="32"><\/span> <span style="float: left ; min-height: 26px"><span class="col abilitycol">Friend Shield<\/span><span class="col abilitycol"><\/span><\/span><\/li><li style="clear: both"><\/li><\/ul>
|raw|<ul class="utilichart"><li class="result"><span style="float: left ; min-height: 26px"><span class="col statcol"><em>HP<\/em><br>111<\/span> <span class="col statcol"><em>Atk<\/em><br>100<\/span> <span class="col statcol"><em>Def<\/em><br>80<\/span> <span class="col statcol"><em>SpA<\/em><br>60<\/span> <span class="col statcol"><em>SpD<\/em><br>82<\/span> <span class="col statcol"><em>Spe<\/em><br>71<\/span> <\/span><\/li><li style="clear: both"><\/li><\/ul>
|-ability|p1a: Ability is stretch|Friend Shield|boost
|-boost|p1a: Ability is stretch|def|1
|-boost|p1a: Ability is stretch|spd|1
|move|p2a: Thornbro-Galar|Slack Off|p2a: Thornbro-Galar
|-heal|p2a: Thornbro-Galar|100\/100 brn
|
|-damage|p2a: Thornbro-Galar|94\/100 brn|[from] brn
|upkeep
|turn|4
|j|+NeonNitroGlycerin
|
|t:|1652573539
|switch|p1a: Sableye 2|Absable-Mega-Y, M|81\/100
|-start|p1a: Sableye 2|typechange|Dark\/Ghost|[silent]
|-start|p1a: Sableye 2|typechange|Dark\/Ghost|[silent]
|switch|p2a: Mesflame|Mesflame, F|100\/100
|-start|p2a: Mesflame|typechange|Fire\/Psychic|[silent]
|raw|<ul class="utilichart"><li class="result"><span class="col pokemonnamecol" style="white-space: nowrap">Mesflame<\/span> <span class="col typecol"><img src="https:\/\/dragonheaven.herokuapp.com\/sprites\/types\/Fire.png" alt="Fire" height="14" width="32"><img src="https:\/\/dragonheaven.herokuapp.com\/sprites\/types\/Psychic.png" alt="Psychic" height="14" width="32"><\/span> <span style="float: left ; min-height: 26px"><span class="col abilitycol">Leviflame<\/span><span class="col abilitycol"><\/span><\/span><\/li><li style="clear: both"><\/li><\/ul>
|raw|<ul class="utilichart"><li class="result"><span style="float: left ; min-height: 26px"><span class="col statcol"><em>HP<\/em><br>95<\/span> <span class="col statcol"><em>Atk<\/em><br>95<\/span> <span class="col statcol"><em>Def<\/em><br>95<\/span> <span class="col statcol"><em>SpA<\/em><br>95<\/span> <span class="col statcol"><em>SpD<\/em><br>95<\/span> <span class="col statcol"><em>Spe<\/em><br>104<\/span> <\/span><\/li><li style="clear: both"><\/li><\/ul>
|
|upkeep
|turn|5
|
|t:|1652573549
|move|p2a: Mesflame|U-turn|p1a: Sableye 2
|-crit|p1a: Sableye 2
|-damage|p1a: Sableye 2|62\/100
|
|t:|1652573552
|switch|p2a: Thornbro-Galar|Thornbro-Galar, M|100\/100 brn|[from]move: U-turn
|-start|p2a: Thornbro-Galar|typechange|Grass\/Poison|[silent]
|move|p1a: Sableye 2|Knock Off|p2a: Thornbro-Galar
|-damage|p2a: Thornbro-Galar|87\/100 brn
|
|-damage|p2a: Thornbro-Galar|81\/100 brn|[from] brn
|upkeep
|turn|6
|
|t:|1652573557
|move|p1a: Sableye 2|Recover|p1a: Sableye 2
|-heal|p1a: Sableye 2|100\/100
|move|p2a: Thornbro-Galar|Sludge Bomb|p1a: Sableye 2
|-resisted|p1a: Sableye 2
|-damage|p1a: Sableye 2|90\/100
|-status|p1a: Sableye 2|psn
|
|-damage|p1a: Sableye 2|78\/100 psn|[from] psn
|-damage|p2a: Thornbro-Galar|75\/100 brn|[from] brn
|upkeep
|turn|7
|c|+NeonNitroGlycerin|analysis geek i believe in you
|
|t:|1652573583
|switch|p1a: Gliscor 2|Glidol, F|100\/100
|-start|p1a: Gliscor 2|typechange|Ground\/Flying|[silent]
|raw|<ul class="utilichart"><li class="result"><span class="col pokemonnamecol" style="white-space: nowrap">Glidol<\/span> <span class="col typecol"><img src="https:\/\/dragonheaven.herokuapp.com\/sprites\/types\/Ground.png" alt="Ground" height="14" width="32"><img src="https:\/\/dragonheaven.herokuapp.com\/sprites\/types\/Flying.png" alt="Flying" height="14" width="32"><\/span> <span style="float: left ; min-height: 26px"><span class="col abilitycol">Feel No Pain<\/span><span class="col abilitycol"><\/span><\/span><\/li><li style="clear: both"><\/li><\/ul>
|raw|<ul class="utilichart"><li class="result"><span style="float: left ; min-height: 26px"><span class="col statcol"><em>HP<\/em><br>67<\/span> <span class="col statcol"><em>Atk<\/em><br>94<\/span> <span class="col statcol"><em>Def<\/em><br>124<\/span> <span class="col statcol"><em>SpA<\/em><br>67<\/span> <span class="col statcol"><em>SpD<\/em><br>97<\/span> <span class="col statcol"><em>Spe<\/em><br>94<\/span> <\/span><\/li><li style="clear: both"><\/li><\/ul>
|switch|p2a: Mesflame|Mesflame, F|100\/100
|-start|p2a: Mesflame|typechange|Fire\/Psychic|[silent]
|
|-status|p1a: Gliscor 2|tox|[from] item: Toxic Orb
|upkeep
|turn|8
|
|t:|1652573601
|switch|p1a: #Ban Weezking to F|Volquag, F|100\/100
|-start|p1a: #Ban Weezking to F|typechange|Fire\/Water|[silent]
|raw|<ul class="utilichart"><li class="result"><span class="col pokemonnamecol" style="white-space: nowrap">Volquag<\/span> <span class="col typecol"><img src="https:\/\/dragonheaven.herokuapp.com\/sprites\/types\/Fire.png" alt="Fire" height="14" width="32"><img src="https:\/\/dragonheaven.herokuapp.com\/sprites\/types\/Water.png" alt="Water" height="14" width="32"><\/span> <span style="float: left ; min-height: 26px"><span class="col abilitycol">Porous<\/span><span class="col abilitycol"><\/span><\/span><\/li><li style="clear: both"><\/li><\/ul>
|raw|<ul class="utilichart"><li class="result"><span style="float: left ; min-height: 26px"><span class="col statcol"><em>HP<\/em><br>90<\/span> <span class="col statcol"><em>Atk<\/em><br>97<\/span> <span class="col statcol"><em>Def<\/em><br>114<\/span> <span class="col statcol"><em>SpA<\/em><br>100<\/span> <span class="col statcol"><em>SpD<\/em><br>83<\/span> <span class="col statcol"><em>Spe<\/em><br>65<\/span> <\/span><\/li><li style="clear: both"><\/li><\/ul>
|move|p2a: Mesflame|Future Sight|p1a: #Ban Weezking to F
|-start|p2a: Mesflame|move: Future Sight
|
|upkeep
|turn|9
|
|t:|1652573606
|move|p2a: Mesflame|U-turn|p1a: #Ban Weezking to F
|-resisted|p1a: #Ban Weezking to F
|-damage|p1a: #Ban Weezking to F|97\/100
|l|+NeonNitroGlycerin
|
|t:|1652573627
|switch|p2a: Pincurchitar|Pincurchitar, F|100\/100|[from]move: U-turn
|-start|p2a: Pincurchitar|typechange|Rock\/Electric|[silent]
|raw|<ul class="utilichart"><li class="result"><span class="col pokemonnamecol" style="white-space: nowrap">Pincurchitar<\/span> <span class="col typecol"><img src="https:\/\/dragonheaven.herokuapp.com\/sprites\/types\/Rock.png" alt="Rock" height="14" width="32"><img src="https:\/\/dragonheaven.herokuapp.com\/sprites\/types\/Electric.png" alt="Electric" height="14" width="32"><\/span> <span style="float: left ; min-height: 26px"><span class="col abilitycol">Erosion<\/span><span class="col abilitycol"><\/span><\/span><\/li><li style="clear: both"><\/li><\/ul>
|raw|<ul class="utilichart"><li class="result"><span style="float: left ; min-height: 26px"><span class="col statcol"><em>HP<\/em><br>94<\/span> <span class="col statcol"><em>Atk<\/em><br>117<\/span> <span class="col statcol"><em>Def<\/em><br>102<\/span> <span class="col statcol"><em>SpA<\/em><br>103<\/span> <span class="col statcol"><em>SpD<\/em><br>102<\/span> <span class="col statcol"><em>Spe<\/em><br>38<\/span> <\/span><\/li><li style="clear: both"><\/li><\/ul>
|-weather|Sandstorm|[from] ability: Erosion|[of] p2a: Pincurchitar
|move|p1a: #Ban Weezking to F|Toxic|p2a: Pincurchitar
|-status|p2a: Pincurchitar|tox
|
|-weather|Sandstorm|[upkeep]
|-damage|p1a: #Ban Weezking to F|91\/100|[from] Sandstorm
|-damage|p2a: Pincurchitar|94\/100 tox|[from] psn
|upkeep
|turn|10
|
|t:|1652573645
|switch|p1a: Ability is stretch|Igglyzenta-Crowned, F|100\/100
|-start|p1a: Ability is stretch|typechange|Fairy\/Steel|[silent]
|-ability|p1a: Ability is stretch|Friend Shield|boost
|-boost|p1a: Ability is stretch|def|1
|-boost|p1a: Ability is stretch|spd|1
|move|p2a: Pincurchitar|Earthquake|p1a: Ability is stretch
|-supereffective|p1a: Ability is stretch
|-damage|p1a: Ability is stretch|76\/100
|
|-weather|Sandstorm|[upkeep]
|-end|p1a: Ability is stretch|move: Future Sight
|-resisted|p1a: Ability is stretch
|-damage|p1a: Ability is stretch|60\/100
|-heal|p1a: Ability is stretch|66\/100|[from] item: Leftovers
|-damage|p2a: Pincurchitar|82\/100 tox|[from] psn
|upkeep
|turn|11
|
|t:|1652573658
|switch|p1a: Gliscor 2|Glidol, F|100\/100 tox
|-start|p1a: Gliscor 2|typechange|Ground\/Flying|[silent]
|switch|p2a: Noze-Dawn-Wings|Noze-Dawn-Wings, M|100\/100
|-start|p2a: Noze-Dawn-Wings|typechange|Psychic\/Rock|[silent]
|raw|<ul class="utilichart"><li class="result"><span class="col pokemonnamecol" style="white-space: nowrap">Noze-Dawn-Wings<\/span> <span class="col typecol"><img src="https:\/\/dragonheaven.herokuapp.com\/sprites\/types\/Psychic.png" alt="Psychic" height="14" width="32"><img src="https:\/\/dragonheaven.herokuapp.com\/sprites\/types\/Rock.png" alt="Rock" height="14" width="32"><\/span> <span style="float: left ; min-height: 26px"><span class="col abilitycol">Olfactory Armor<\/span><span class="col abilitycol"><\/span><\/span><\/li><li style="clear: both"><\/li><\/ul>
|raw|<ul class="utilichart"><li class="result"><span style="float: left ; min-height: 26px"><span class="col statcol"><em>HP<\/em><br>73<\/span> <span class="col statcol"><em>Atk<\/em><br>79<\/span> <span class="col statcol"><em>Def<\/em><br>127<\/span> <span class="col statcol"><em>SpA<\/em><br>113<\/span> <span class="col statcol"><em>SpD<\/em><br>113<\/span> <span class="col statcol"><em>Spe<\/em><br>61<\/span> <\/span><\/li><li style="clear: both"><\/li><\/ul>
|
|-weather|Sandstorm|[upkeep]
|upkeep
|turn|12
|j|+ZCopen
|
|t:|1652573679
|switch|p2a: Mesflame|Mesflame, F|100\/100
|-start|p2a: Mesflame|typechange|Fire\/Psychic|[silent]
|move|p1a: Gliscor 2|U-turn|p2a: Mesflame
|-damage|p2a: Mesflame|84\/100
|
|t:|1652573696
|switch|p1a: Ability is stretch|Igglyzenta-Crowned, F|66\/100|[from]move: U-turn
|-start|p1a: Ability is stretch|typechange|Fairy\/Steel|[silent]
|-ability|p1a: Ability is stretch|Friend Shield|boost
|-boost|p1a: Ability is stretch|def|1
|-boost|p1a: Ability is stretch|spd|1
|
|-weather|Sandstorm|[upkeep]
|-damage|p2a: Mesflame|78\/100|[from] Sandstorm
|-heal|p1a: Ability is stretch|72\/100|[from] item: Leftovers
|upkeep
|turn|13
|
|t:|1652573708
|switch|p1a: Slime Waifu|Goodevoir, M|100\/100
|-start|p1a: Slime Waifu|typechange|Dragon\/Fairy|[silent]
|raw|<ul class="utilichart"><li class="result"><span class="col pokemonnamecol" style="white-space: nowrap">Goodevoir<\/span> <span class="col typecol"><img src="https:\/\/dragonheaven.herokuapp.com\/sprites\/types\/Dragon.png" alt="Dragon" height="14" width="32"><img src="https:\/\/dragonheaven.herokuapp.com\/sprites\/types\/Fairy.png" alt="Fairy" height="14" width="32"><\/span> <span style="float: left ; min-height: 26px"><span class="col abilitycol">Vengeful Shift<\/span><span class="col abilitycol"><\/span><\/span><\/li><li style="clear: both"><\/li><\/ul>
|raw|<ul class="utilichart"><li class="result"><span style="float: left ; min-height: 26px"><span class="col statcol"><em>HP<\/em><br>78<\/span> <span class="col statcol"><em>Atk<\/em><br>70<\/span> <span class="col statcol"><em>Def<\/em><br>59<\/span> <span class="col statcol"><em>SpA<\/em><br>124<\/span> <span class="col statcol"><em>SpD<\/em><br>114<\/span> <span class="col statcol"><em>Spe<\/em><br>80<\/span> <\/span><\/li><li style="clear: both"><\/li><\/ul>
|move|p2a: Mesflame|Flamethrower|p1a: Slime Waifu
|-resisted|p1a: Slime Waifu
|-crit|p1a: Slime Waifu
|-damage|p1a: Slime Waifu|81\/100
|
|-weather|none
|-heal|p1a: Slime Waifu|87\/100|[from] item: Leftovers
|upkeep
|turn|14
|
|t:|1652573717
|move|p2a: Mesflame|Future Sight|p1a: Slime Waifu
|-start|p2a: Mesflame|move: Future Sight
|move|p1a: Slime Waifu|Heal Bell|p1a: Slime Waifu
|-activate|p1a: Slime Waifu|move: Heal Bell
|-curestatus|p1: Gliscor 2|tox|[msg]
|-curestatus|p1: Sableye 2|psn|[msg]
|
|-heal|p1a: Slime Waifu|93\/100|[from] item: Leftovers
|upkeep
|turn|15
|
|t:|1652573724
|move|p2a: Mesflame|U-turn|p1a: Slime Waifu
|-resisted|p1a: Slime Waifu
|-damage|p1a: Slime Waifu|84\/100
|
|t:|1652573733
|switch|p2a: Thornbro-Galar|Thornbro-Galar, M|100\/100 brn|[from]move: U-turn
|-start|p2a: Thornbro-Galar|typechange|Grass\/Poison|[silent]
|move|p1a: Slime Waifu|Wish|p1a: Slime Waifu
|
|-heal|p1a: Slime Waifu|90\/100|[from] item: Leftovers
|-damage|p2a: Thornbro-Galar|94\/100 brn|[from] brn
|upkeep
|turn|16
|
|t:|1652573741
|switch|p1a: Sableye 2|Absable-Mega-Y, M|78\/100
|-start|p1a: Sableye 2|typechange|Dark\/Ghost|[silent]
|-start|p1a: Sableye 2|typechange|Dark\/Ghost|[silent]
|switch|p2a: Noze-Dawn-Wings|Noze-Dawn-Wings, M|100\/100
|-start|p2a: Noze-Dawn-Wings|typechange|Psychic\/Rock|[silent]
|
|-end|p1a: Sableye 2|move: Future Sight
|-immune|p1a: Sableye 2
|-heal|p1a: Sableye 2|100\/100|[from] move: Wish|[wisher] Slime Waifu
|upkeep
|turn|17
|
|t:|1652573754
|move|p2a: Noze-Dawn-Wings|Volt Switch|p1a: Sableye 2
|-damage|p1a: Sableye 2|80\/100
|
|t:|1652573760
|switch|p2a: Thornbro-Galar|Thornbro-Galar, M|100\/100 brn|[from]move: Volt Switch
|-start|p2a: Thornbro-Galar|typechange|Grass\/Poison|[silent]
|move|p1a: Sableye 2|Knock Off|p2a: Thornbro-Galar
|-damage|p2a: Thornbro-Galar|84\/100 brn
|
|-damage|p2a: Thornbro-Galar|78\/100 brn|[from] brn
|upkeep
|turn|18
|
|t:|1652573777
|switch|p1a: Ability is stretch|Igglyzenta-Crowned, F|72\/100
|-start|p1a: Ability is stretch|typechange|Fairy\/Steel|[silent]
|-ability|p1a: Ability is stretch|Friend Shield|boost
|-boost|p1a: Ability is stretch|def|1
|-boost|p1a: Ability is stretch|spd|1
|move|p2a: Thornbro-Galar|Sludge Bomb|p1a: Ability is stretch
|-immune|p1a: Ability is stretch
|
|-heal|p1a: Ability is stretch|78\/100|[from] item: Leftovers
|-damage|p2a: Thornbro-Galar|72\/100 brn|[from] brn
|upkeep
|turn|19
|
|t:|1652573784
|switch|p1a: Birbsmart|Mesflame, M|100\/100
|-start|p1a: Birbsmart|typechange|Fire\/Psychic|[silent]
|raw|<ul class="utilichart"><li class="result"><span class="col pokemonnamecol" style="white-space: nowrap">Mesflame<\/span> <span class="col typecol"><img src="https:\/\/dragonheaven.herokuapp.com\/sprites\/types\/Fire.png" alt="Fire" height="14" width="32"><img src="https:\/\/dragonheaven.herokuapp.com\/sprites\/types\/Psychic.png" alt="Psychic" height="14" width="32"><\/span> <span style="float: left ; min-height: 26px"><span class="col abilitycol">Leviflame<\/span><span class="col abilitycol"><\/span><\/span><\/li><li style="clear: both"><\/li><\/ul>
|raw|<ul class="utilichart"><li class="result"><span style="float: left ; min-height: 26px"><span class="col statcol"><em>HP<\/em><br>95<\/span> <span class="col statcol"><em>Atk<\/em><br>95<\/span> <span class="col statcol"><em>Def<\/em><br>95<\/span> <span class="col statcol"><em>SpA<\/em><br>95<\/span> <span class="col statcol"><em>SpD<\/em><br>95<\/span> <span class="col statcol"><em>Spe<\/em><br>104<\/span> <\/span><\/li><li style="clear: both"><\/li><\/ul>
|move|p2a: Thornbro-Galar|Sludge Bomb|p1a: Birbsmart
|-damage|p1a: Birbsmart|77\/100
|
|-damage|p2a: Thornbro-Galar|66\/100 brn|[from] brn
|upkeep
|turn|20
|
|t:|1652573793
|switch|p2a: Mesflame|Mesflame, F|78\/100
|-start|p2a: Mesflame|typechange|Fire\/Psychic|[silent]
|move|p1a: Birbsmart|Fire Blast|p2a: Mesflame
|-resisted|p2a: Mesflame
|-damage|p2a: Mesflame|57\/100
|
|upkeep
|turn|21
|
|t:|1652573806
|switch|p1a: Slime Waifu|Goodevoir, M|90\/100
|-start|p1a: Slime Waifu|typechange|Dragon\/Fairy|[silent]
|move|p2a: Mesflame|Future Sight|p1a: Slime Waifu
|-start|p2a: Mesflame|move: Future Sight
|
|-heal|p1a: Slime Waifu|97\/100|[from] item: Leftovers
|upkeep
|turn|22
|
|t:|1652573815
|move|p2a: Mesflame|U-turn|p1a: Slime Waifu
|-resisted|p1a: Slime Waifu
|-damage|p1a: Slime Waifu|88\/100
|
|t:|1652573817
|switch|p2a: Jirachonator|Jirachonator, M|100\/100|[from]move: U-turn
|-start|p2a: Jirachonator|typechange|Steel\/Dragon|[silent]
|raw|<ul class="utilichart"><li class="result"><span class="col pokemonnamecol" style="white-space: nowrap">Jirachonator<\/span> <span class="col typecol"><img src="https:\/\/dragonheaven.herokuapp.com\/sprites\/types\/Steel.png" alt="Steel" height="14" width="32"><img src="https:\/\/dragonheaven.herokuapp.com\/sprites\/types\/Dragon.png" alt="Dragon" height="14" width="32"><\/span> <span style="float: left ; min-height: 26px"><span class="col abilitycol">Shield Dust<\/span><span class="col abilitycol"><\/span><\/span><\/li><li style="clear: both"><\/li><\/ul>
|raw|<ul class="utilichart"><li class="result"><span style="float: left ; min-height: 26px"><span class="col statcol"><em>HP<\/em><br>90<\/span> <span class="col statcol"><em>Atk<\/em><br>89<\/span> <span class="col statcol"><em>Def<\/em><br>117<\/span> <span class="col statcol"><em>SpA<\/em><br>115<\/span> <span class="col statcol"><em>SpD<\/em><br>102<\/span> <span class="col statcol"><em>Spe<\/em><br>68<\/span> <\/span><\/li><li style="clear: both"><\/li><\/ul>
|move|p1a: Slime Waifu|Wish|p1a: Slime Waifu
|
|-heal|p1a: Slime Waifu|94\/100|[from] item: Leftovers
|upkeep
|turn|23
|
|t:|1652573828
|switch|p1a: #Ban Weezking to F|Volquag, F|91\/100
|-start|p1a: #Ban Weezking to F|typechange|Fire\/Water|[silent]
|move|p2a: Jirachonator|Shell Smash|p2a: Jirachonator
|-unboost|p2a: Jirachonator|def|1
|-unboost|p2a: Jirachonator|spd|1
|-boost|p2a: Jirachonator|atk|2
|-boost|p2a: Jirachonator|spa|2
|-boost|p2a: Jirachonator|spe|2
|-enditem|p2a: Jirachonator|White Herb
|-clearnegativeboost|p2a: Jirachonator|[silent]
|
|-end|p1a: #Ban Weezking to F|move: Future Sight
|-damage|p1a: #Ban Weezking to F|43\/100
|-heal|p1a: #Ban Weezking to F|90\/100|[from] move: Wish|[wisher] Slime Waifu
|upkeep
|turn|24
|
|t:|1652573840
|move|p2a: Jirachonator|Stored Power|p1a: #Ban Weezking to F
|-damage|p1a: #Ban Weezking to F|41\/100
|move|p1a: #Ban Weezking to F|Scald|p2a: Jirachonator
|-resisted|p2a: Jirachonator
|-damage|p2a: Jirachonator|86\/100
|
|upkeep
|turn|25
|
|t:|1652573848
|switch|p1a: Sableye 2|Absable-Mega-Y, M|80\/100
|-start|p1a: Sableye 2|typechange|Dark\/Ghost|[silent]
|-start|p1a: Sableye 2|typechange|Dark\/Ghost|[silent]
|move|p2a: Jirachonator|Stored Power|p1a: Sableye 2
|-immune|p1a: Sableye 2
|
|upkeep
|turn|26
|j|+moretto
|
|t:|1652573852
|move|p2a: Jirachonator|Dragon Pulse|p1a: Sableye 2
|-damage|p1a: Sableye 2|24\/100
|move|p1a: Sableye 2|Foul Play|p2a: Jirachonator
|-crit|p2a: Jirachonator
|-damage|p2a: Jirachonator|24\/100
|
|upkeep
|turn|27
|
|t:|1652573858
|switch|p1a: Slime Waifu|Goodevoir, M|94\/100
|-start|p1a: Slime Waifu|typechange|Dragon\/Fairy|[silent]
|move|p2a: Jirachonator|Flash Cannon|p1a: Slime Waifu
|-supereffective|p1a: Slime Waifu
|-damage|p1a: Slime Waifu|0 fnt
|faint|p1a: Slime Waifu
|
|upkeep
|
|t:|1652573867
|switch|p1a: Ability is stretch|Igglyzenta-Crowned, F|78\/100
|-start|p1a: Ability is stretch|typechange|Fairy\/Steel|[silent]
|-ability|p1a: Ability is stretch|Friend Shield|boost
|-boost|p1a: Ability is stretch|def|1
|-boost|p1a: Ability is stretch|spd|1
|turn|28
|
|t:|1652573871
|move|p2a: Jirachonator|Flash Cannon|p1a: Ability is stretch
|-damage|p1a: Ability is stretch|33\/100
|move|p1a: Ability is stretch|Seismic Toss|p2a: Jirachonator
|-damage|p2a: Jirachonator|0 fnt
|faint|p2a: Jirachonator
|
|-heal|p1a: Ability is stretch|39\/100|[from] item: Leftovers
|upkeep
|
|t:|1652573876
|switch|p2a: Noze-Dawn-Wings|Noze-Dawn-Wings, M|100\/100
|-start|p2a: Noze-Dawn-Wings|typechange|Psychic\/Rock|[silent]
|turn|29
|
|t:|1652573882
|move|p1a: Ability is stretch|Protect|p1a: Ability is stretch
|-singleturn|p1a: Ability is stretch|Protect
|move|p2a: Noze-Dawn-Wings|Earth Power|p1a: Ability is stretch
|-activate|p1a: Ability is stretch|move: Protect
|
|-heal|p1a: Ability is stretch|45\/100|[from] item: Leftovers
|upkeep
|turn|30
|
|t:|1652573886
|move|p2a: Noze-Dawn-Wings|Earth Power|p1a: Ability is stretch
|-supereffective|p1a: Ability is stretch
|-damage|p1a: Ability is stretch|0 fnt
|faint|p1a: Ability is stretch
|
|upkeep
|
|t:|1652573894
|switch|p1a: Gliscor 2|Glidol, F|100\/100
|-start|p1a: Gliscor 2|typechange|Ground\/Flying|[silent]
|turn|31
|
|t:|1652573899
|switch|p2a: Mesflame|Mesflame, F|57\/100
|-start|p2a: Mesflame|typechange|Fire\/Psychic|[silent]
|move|p1a: Gliscor 2|U-turn|p2a: Mesflame
|-damage|p2a: Mesflame|41\/100
|
|t:|1652573904
|switch|p1a: Birbsmart|Mesflame, M|77\/100|[from]move: U-turn
|-start|p1a: Birbsmart|typechange|Fire\/Psychic|[silent]
|
|upkeep
|turn|32
|
|t:|1652573910
|move|p1a: Birbsmart|Trick|p2a: Mesflame
|-activate|p1a: Birbsmart|move: Trick|[of] p2a: Mesflame
|-item|p2a: Mesflame|Choice Scarf|[from] move: Trick
|-item|p1a: Birbsmart|Colbur Berry|[from] move: Trick
|move|p2a: Mesflame|Future Sight|p1a: Birbsmart
|-start|p2a: Mesflame|move: Future Sight
|
|upkeep
|turn|33
|
|t:|1652573916
|switch|p2a: Trapeino|Trapeino, F|100\/100
|-start|p2a: Trapeino|typechange|Ground\/Dark|[silent]
|raw|<ul class="utilichart"><li class="result"><span class="col pokemonnamecol" style="white-space: nowrap">Trapeino<\/span> <span class="col typecol"><img src="https:\/\/dragonheaven.herokuapp.com\/sprites\/types\/Ground.png" alt="Ground" height="14" width="32"><img src="https:\/\/dragonheaven.herokuapp.com\/sprites\/types\/Dark.png" alt="Dark" height="14" width="32"><\/span> <span style="float: left ; min-height: 26px"><span class="col abilitycol">Tiger Pit<\/span><span class="col abilitycol"><\/span><\/span><\/li><li style="clear: both"><\/li><\/ul>
|raw|<ul class="utilichart"><li class="result"><span style="float: left ; min-height: 26px"><span class="col statcol"><em>HP<\/em><br>50<\/span> <span class="col statcol"><em>Atk<\/em><br>100<\/span> <span class="col statcol"><em>Def<\/em><br>50<\/span> <span class="col statcol"><em>SpA<\/em><br>45<\/span> <span class="col statcol"><em>SpD<\/em><br>50<\/span> <span class="col statcol"><em>Spe<\/em><br>25<\/span> <\/span><\/li><li style="clear: both"><\/li><\/ul>
|move|p1a: Birbsmart|Fire Blast|p2a: Trapeino
|-crit|p2a: Trapeino
|-damage|p2a: Trapeino|0 fnt
|faint|p2a: Trapeino
|
|upkeep
|
|t:|1652573923
|switch|p2a: Mesflame|Mesflame, F|41\/100
|-start|p2a: Mesflame|typechange|Fire\/Psychic|[silent]
|turn|34
|
|t:|1652573929
|move|p2a: Mesflame|Roost|p2a: Mesflame
|-heal|p2a: Mesflame|91\/100
|-singleturn|p2a: Mesflame|move: Roost
|move|p1a: Birbsmart|Fire Blast|p2a: Mesflame
|-resisted|p2a: Mesflame
|-damage|p2a: Mesflame|72\/100
|
|-end|p1a: Birbsmart|move: Future Sight
|-resisted|p1a: Birbsmart
|-damage|p1a: Birbsmart|59\/100
|upkeep
|turn|35
|
|t:|1652573939
|switch|p2a: Pincurchitar|Pincurchitar, F|82\/100 tox
|-start|p2a: Pincurchitar|typechange|Rock\/Electric|[silent]
|-weather|Sandstorm|[from] ability: Erosion|[of] p2a: Pincurchitar
|move|p1a: Birbsmart|Roost|p1a: Birbsmart
|-heal|p1a: Birbsmart|100\/100
|-singleturn|p1a: Birbsmart|move: Roost
|
|-weather|Sandstorm|[upkeep]
|-damage|p1a: Birbsmart|94\/100|[from] Sandstorm
|-damage|p2a: Pincurchitar|76\/100 tox|[from] psn
|upkeep
|turn|36
|
|t:|1652573952
|switch|p1a: Gliscor 2|Glidol, F|100\/100
|-start|p1a: Gliscor 2|typechange|Ground\/Flying|[silent]
|move|p2a: Pincurchitar|Recover|p2a: Pincurchitar
|-heal|p2a: Pincurchitar|100\/100 tox
|
|-weather|Sandstorm|[upkeep]
|-damage|p2a: Pincurchitar|88\/100 tox|[from] psn
|-status|p1a: Gliscor 2|tox|[from] item: Toxic Orb
|upkeep
|turn|37
|
|t:|1652573958
|switch|p2a: Mesflame|Mesflame, F|72\/100
|-start|p2a: Mesflame|typechange|Fire\/Psychic|[silent]
|move|p1a: Gliscor 2|Earthquake|p2a: Mesflame
|-immune|p2a: Mesflame|[from] ability: Leviflame
|
|-weather|Sandstorm|[upkeep]
|-damage|p2a: Mesflame|66\/100|[from] Sandstorm
|upkeep
|turn|38
|
|t:|1652573964
|move|p2a: Mesflame|Future Sight|p1a: Gliscor 2
|-start|p2a: Mesflame|move: Future Sight
|move|p1a: Gliscor 2|U-turn|p2a: Mesflame
|-damage|p2a: Mesflame|51\/100
|
|t:|1652573968
|switch|p1a: Sableye 2|Absable-Mega-Y, M|24\/100|[from]move: U-turn
|-start|p1a: Sableye 2|typechange|Dark\/Ghost|[silent]
|-start|p1a: Sableye 2|typechange|Dark\/Ghost|[silent]
|
|-weather|Sandstorm|[upkeep]
|-damage|p2a: Mesflame|45\/100|[from] Sandstorm
|-damage|p1a: Sableye 2|17\/100|[from] Sandstorm
|upkeep
|turn|39
|
|t:|1652573990
|switch|p2a: Thornbro-Galar|Thornbro-Galar, M|99\/100 brn
|-start|p2a: Thornbro-Galar|typechange|Grass\/Poison|[silent]
|move|p1a: Sableye 2|Recover|p1a: Sableye 2
|-heal|p1a: Sableye 2|67\/100
|
|-weather|none
|-damage|p2a: Thornbro-Galar|93\/100 brn|[from] brn
|upkeep
|turn|40
|j|+Gekokeso
|
|t:|1652574005
|switch|p1a: Gliscor 2|Glidol, F|100\/100 tox
|-start|p1a: Gliscor 2|typechange|Ground\/Flying|[silent]
|move|p2a: Thornbro-Galar|Sludge Bomb|p1a: Gliscor 2
|-resisted|p1a: Gliscor 2
|-damage|p1a: Gliscor 2|85\/100 tox
|
|-end|p1a: Gliscor 2|move: Future Sight
|-damage|p1a: Gliscor 2|38\/100 tox
|-heal|p1a: Gliscor 2|50\/100 tox|[from] ability: Feel No Pain
|-damage|p2a: Thornbro-Galar|87\/100 brn|[from] brn
|upkeep
|turn|41
|
|t:|1652574017
|switch|p2a: Mesflame|Mesflame, F|45\/100
|-start|p2a: Mesflame|typechange|Fire\/Psychic|[silent]
|move|p1a: Gliscor 2|Roost|p1a: Gliscor 2
|-heal|p1a: Gliscor 2|100\/100 tox
|-singleturn|p1a: Gliscor 2|move: Roost
|
|upkeep
|turn|42
|
|t:|1652574022
|move|p2a: Mesflame|Roost|p2a: Mesflame
|-heal|p2a: Mesflame|95\/100
|-singleturn|p2a: Mesflame|move: Roost
|move|p1a: Gliscor 2|U-turn|p2a: Mesflame
|-damage|p2a: Mesflame|79\/100
|
|t:|1652574026
|switch|p1a: #Ban Weezking to F|Volquag, F|41\/100|[from]move: U-turn
|-start|p1a: #Ban Weezking to F|typechange|Fire\/Water|[silent]
|
|upkeep
|turn|43
|
|t:|1652574030
|switch|p2a: Noze-Dawn-Wings|Noze-Dawn-Wings, M|100\/100
|-start|p2a: Noze-Dawn-Wings|typechange|Psychic\/Rock|[silent]
|move|p1a: #Ban Weezking to F|Recover|p1a: #Ban Weezking to F
|-heal|p1a: #Ban Weezking to F|91\/100
|
|upkeep
|turn|44
|c|☆Bobsican|And they said momentum was irrelevant for stall
|
|t:|1652574055
|switch|p1a: Gliscor 2|Glidol, F|100\/100 tox
|-start|p1a: Gliscor 2|typechange|Ground\/Flying|[silent]
|move|p2a: Noze-Dawn-Wings|Volt Switch|p1a: Gliscor 2
|-immune|p1a: Gliscor 2
|
|upkeep
|turn|45
|
|t:|1652574062
|switch|p2a: Mesflame|Mesflame, F|79\/100
|-start|p2a: Mesflame|typechange|Fire\/Psychic|[silent]
|move|p1a: Gliscor 2|U-turn|p2a: Mesflame
|-damage|p2a: Mesflame|63\/100
|
|t:|1652574068
|switch|p1a: #Ban Weezking to F|Volquag, F|91\/100|[from]move: U-turn
|-start|p1a: #Ban Weezking to F|typechange|Fire\/Water|[silent]
|
|upkeep
|turn|46
|
|t:|1652574072
|switch|p2a: Thornbro-Galar|Thornbro-Galar, M|100\/100 brn
|-start|p2a: Thornbro-Galar|typechange|Grass\/Poison|[silent]
|-ability|p2a: Thornbro-Galar|Prophylaxis
|move|p1a: #Ban Weezking to F|Ice Beam|p2a: Thornbro-Galar
|-supereffective|p2a: Thornbro-Galar
|-damage|p2a: Thornbro-Galar|63\/100 brn
|
|-damage|p2a: Thornbro-Galar|57\/100 brn|[from] brn
|upkeep
|turn|47
|
|t:|1652574080
|switch|p1a: Gliscor 2|Glidol, F|100\/100 tox
|-start|p1a: Gliscor 2|typechange|Ground\/Flying|[silent]
|switch|p2a: Pincurchitar|Pincurchitar, F|88\/100 tox
|-start|p2a: Pincurchitar|typechange|Rock\/Electric|[silent]
|-weather|Sandstorm|[from] ability: Erosion|[of] p2a: Pincurchitar
|
|-weather|Sandstorm|[upkeep]
|-damage|p2a: Pincurchitar|82\/100 tox|[from] psn
|upkeep
|turn|48
|
|t:|1652574085
|switch|p2a: Thornbro-Galar|Thornbro-Galar, M|90\/100 brn
|-start|p2a: Thornbro-Galar|typechange|Grass\/Poison|[silent]
|move|p1a: Gliscor 2|Earthquake|p2a: Thornbro-Galar
|-damage|p2a: Thornbro-Galar|72\/100 brn
|
|-weather|Sandstorm|[upkeep]
|-damage|p2a: Thornbro-Galar|66\/100 brn|[from] Sandstorm
|-damage|p2a: Thornbro-Galar|60\/100 brn|[from] brn
|upkeep
|turn|49
|
|t:|1652574089
|switch|p2a: Mesflame|Mesflame, F|63\/100
|-start|p2a: Mesflame|typechange|Fire\/Psychic|[silent]
|move|p1a: Gliscor 2|U-turn|p2a: Mesflame
|-damage|p2a: Mesflame|45\/100
|
|t:|1652574092
|switch|p1a: #Ban Weezking to F|Volquag, F|91\/100|[from]move: U-turn
|-start|p1a: #Ban Weezking to F|typechange|Fire\/Water|[silent]
|
|-weather|Sandstorm|[upkeep]
|-damage|p2a: Mesflame|39\/100|[from] Sandstorm
|-damage|p1a: #Ban Weezking to F|85\/100|[from] Sandstorm
|upkeep
|turn|50
|
|t:|1652574096
|switch|p2a: Thornbro-Galar|Thornbro-Galar, M|93\/100 brn
|-start|p2a: Thornbro-Galar|typechange|Grass\/Poison|[silent]
|-ability|p2a: Thornbro-Galar|Prophylaxis
|move|p1a: #Ban Weezking to F|Scald|p2a: Thornbro-Galar
|-resisted|p2a: Thornbro-Galar
|-crit|p2a: Thornbro-Galar
|-damage|p2a: Thornbro-Galar|77\/100 brn
|
|-weather|Sandstorm|[upkeep]
|-damage|p1a: #Ban Weezking to F|79\/100|[from] Sandstorm
|-damage|p2a: Thornbro-Galar|71\/100 brn|[from] Sandstorm
|-damage|p2a: Thornbro-Galar|65\/100 brn|[from] brn
|upkeep
|turn|51
|
|t:|1652574106
|switch|p1a: Gliscor 2|Glidol, F|100\/100 tox
|-start|p1a: Gliscor 2|typechange|Ground\/Flying|[silent]
|switch|p2a: Pincurchitar|Pincurchitar, F|82\/100 tox
|-start|p2a: Pincurchitar|typechange|Rock\/Electric|[silent]
|
|-weather|none
|-damage|p2a: Pincurchitar|76\/100 tox|[from] psn
|upkeep
|turn|52
|
|t:|1652574113
|switch|p2a: Thornbro-Galar|Thornbro-Galar, M|98\/100 brn
|-start|p2a: Thornbro-Galar|typechange|Grass\/Poison|[silent]
|move|p1a: Gliscor 2|U-turn|p2a: Thornbro-Galar
|-damage|p2a: Thornbro-Galar|89\/100 brn
|
|t:|1652574118
|switch|p1a: Birbsmart|Mesflame, M|94\/100|[from]move: U-turn
|-start|p1a: Birbsmart|typechange|Fire\/Psychic|[silent]
|
|-damage|p2a: Thornbro-Galar|83\/100 brn|[from] brn
|upkeep
|turn|53
|
|t:|1652574126
|switch|p2a: Mesflame|Mesflame, F|39\/100
|-start|p2a: Mesflame|typechange|Fire\/Psychic|[silent]
|move|p1a: Birbsmart|Psychic|p2a: Mesflame
|-resisted|p2a: Mesflame
|-damage|p2a: Mesflame|23\/100
|
|upkeep
|turn|54
|
|t:|1652574130
|move|p2a: Mesflame|Roost|p2a: Mesflame
|-heal|p2a: Mesflame|73\/100
|-singleturn|p2a: Mesflame|move: Roost
|move|p1a: Birbsmart|Fire Blast|p2a: Mesflame
|-resisted|p2a: Mesflame
|-damage|p2a: Mesflame|52\/100
|
|upkeep
|turn|55

|
|t:|1652574136
|switch|p1a: Sableye 2|Absable-Mega-Y, M|67\/100
|-start|p1a: Sableye 2|typechange|Dark\/Ghost|[silent]
|-start|p1a: Sableye 2|typechange|Dark\/Ghost|[silent]
|move|p2a: Mesflame|Roost|p2a: Mesflame
|-heal|p2a: Mesflame|100\/100
|-singleturn|p2a: Mesflame|move: Roost
|
|upkeep
|turn|56
|
|t:|1652574142
|move|p2a: Mesflame|Roost||[still]
|-fail|p2a: Mesflame|heal
|move|p1a: Sableye 2|Recover|p1a: Sableye 2
|-heal|p1a: Sableye 2|100\/100
|
|upkeep
|turn|57
|
|t:|1652574149
|switch|p2a: Thornbro-Galar|Thornbro-Galar, M|100\/100 brn
|-start|p2a: Thornbro-Galar|typechange|Grass\/Poison|[silent]
|move|p1a: Sableye 2|Foul Play|p2a: Thornbro-Galar
|-crit|p2a: Thornbro-Galar
|-damage|p2a: Thornbro-Galar|79\/100 brn
|
|-damage|p2a: Thornbro-Galar|73\/100 brn|[from] brn
|upkeep
|turn|58
|
|t:|1652574155
|switch|p2a: Mesflame|Mesflame, F|100\/100
|-start|p2a: Mesflame|typechange|Fire\/Psychic|[silent]
|move|p1a: Sableye 2|Foul Play|p2a: Mesflame
|-supereffective|p2a: Mesflame
|-damage|p2a: Mesflame|42\/100
|
|upkeep
|turn|59
|
|t:|1652574161
|move|p2a: Mesflame|U-turn|p1a: Sableye 2
|-damage|p1a: Sableye 2|87\/100
|
|t:|1652574163
|switch|p2a: Thornbro-Galar|Thornbro-Galar, M|100\/100 brn|[from]move: U-turn
|-start|p2a: Thornbro-Galar|typechange|Grass\/Poison|[silent]
|move|p1a: Sableye 2|Foul Play|p2a: Thornbro-Galar
|-damage|p2a: Thornbro-Galar|86\/100 brn
|
|-damage|p2a: Thornbro-Galar|80\/100 brn|[from] brn
|upkeep
|turn|60
|
|t:|1652574170
|move|p1a: Sableye 2|Foul Play|p2a: Thornbro-Galar
|-damage|p2a: Thornbro-Galar|64\/100 brn
|move|p2a: Thornbro-Galar|Sludge Bomb|p1a: Sableye 2
|-resisted|p1a: Sableye 2
|-damage|p1a: Sableye 2|78\/100
|-status|p1a: Sableye 2|psn
|
|-damage|p1a: Sableye 2|66\/100 psn|[from] psn
|-damage|p2a: Thornbro-Galar|58\/100 brn|[from] brn
|upkeep
|turn|61
|
|t:|1652574177
|switch|p1a: Gliscor 2|Glidol, F|100\/100 tox
|-start|p1a: Gliscor 2|typechange|Ground\/Flying|[silent]
|move|p2a: Thornbro-Galar|Slack Off|p2a: Thornbro-Galar
|-heal|p2a: Thornbro-Galar|100\/100 brn
|
|-damage|p2a: Thornbro-Galar|94\/100 brn|[from] brn
|upkeep
|turn|62
|
|t:|1652574185
|switch|p2a: Mesflame|Mesflame, F|42\/100
|-start|p2a: Mesflame|typechange|Fire\/Psychic|[silent]
|move|p1a: Gliscor 2|U-turn|p2a: Mesflame
|-damage|p2a: Mesflame|27\/100
|
|t:|1652574192
|switch|p1a: #Ban Weezking to F|Volquag, F|79\/100|[from]move: U-turn
|-start|p1a: #Ban Weezking to F|typechange|Fire\/Water|[silent]
|
|upkeep
|turn|63
|
|t:|1652574196
|switch|p2a: Thornbro-Galar|Thornbro-Galar, M|100\/100 brn
|-start|p2a: Thornbro-Galar|typechange|Grass\/Poison|[silent]
|-ability|p2a: Thornbro-Galar|Prophylaxis
|move|p1a: #Ban Weezking to F|Scald|p2a: Thornbro-Galar
|-resisted|p2a: Thornbro-Galar
|-damage|p2a: Thornbro-Galar|88\/100 brn
|
|-damage|p2a: Thornbro-Galar|82\/100 brn|[from] brn
|upkeep
|turn|64
|c|☆Bobsican|PP stall it is
|
|t:|1652574209
|switch|p1a: Gliscor 2|Glidol, F|100\/100 tox
|-start|p1a: Gliscor 2|typechange|Ground\/Flying|[silent]
|switch|p2a: Pincurchitar|Pincurchitar, F|76\/100 tox
|-start|p2a: Pincurchitar|typechange|Rock\/Electric|[silent]
|-weather|Sandstorm|[from] ability: Erosion|[of] p2a: Pincurchitar
|
|-weather|Sandstorm|[upkeep]
|-damage|p2a: Pincurchitar|70\/100 tox|[from] psn
|upkeep
|turn|65
|
|t:|1652574215
|switch|p2a: Thornbro-Galar|Thornbro-Galar, M|100\/100 brn
|-start|p2a: Thornbro-Galar|typechange|Grass\/Poison|[silent]
|move|p1a: Gliscor 2|Earthquake|p2a: Thornbro-Galar
|-damage|p2a: Thornbro-Galar|82\/100 brn
|
|-weather|Sandstorm|[upkeep]
|-damage|p2a: Thornbro-Galar|76\/100 brn|[from] Sandstorm
|-damage|p2a: Thornbro-Galar|70\/100 brn|[from] brn
|upkeep
|turn|66
|inactive|Battle timer is ON: inactive players will automatically lose when time's up. (requested by Bobsican)
|
|t:|1652574233
|move|p1a: Gliscor 2|Rapid Spin|p2a: Thornbro-Galar
|-damage|p2a: Thornbro-Galar|64\/100 brn
|-boost|p1a: Gliscor 2|spe|1
|move|p2a: Thornbro-Galar|Slack Off|p2a: Thornbro-Galar
|-heal|p2a: Thornbro-Galar|100\/100 brn
|
|-weather|Sandstorm|[upkeep]
|-damage|p2a: Thornbro-Galar|94\/100 brn|[from] Sandstorm
|-damage|p2a: Thornbro-Galar|88\/100 brn|[from] brn
|upkeep
|turn|67
|
|t:|1652574239
|move|p1a: Gliscor 2|Rapid Spin|p2a: Thornbro-Galar
|-damage|p2a: Thornbro-Galar|82\/100 brn
|-boost|p1a: Gliscor 2|spe|1
|move|p2a: Thornbro-Galar|Body Press|p1a: Gliscor 2
|-resisted|p1a: Gliscor 2
|-damage|p1a: Gliscor 2|95\/100 tox
|
|-weather|Sandstorm|[upkeep]
|-damage|p2a: Thornbro-Galar|76\/100 brn|[from] Sandstorm
|-heal|p1a: Gliscor 2|100\/100 tox|[from] ability: Feel No Pain
|-damage|p2a: Thornbro-Galar|70\/100 brn|[from] brn
|upkeep
|turn|68
|
|t:|1652574258
|move|p1a: Gliscor 2|Rapid Spin|p2a: Thornbro-Galar
|-damage|p2a: Thornbro-Galar|64\/100 brn
|-boost|p1a: Gliscor 2|spe|1
|move|p2a: Thornbro-Galar|Body Press|p1a: Gliscor 2
|-resisted|p1a: Gliscor 2
|-damage|p1a: Gliscor 2|95\/100 tox
|
|-weather|none
|-heal|p1a: Gliscor 2|100\/100 tox|[from] ability: Feel No Pain
|-damage|p2a: Thornbro-Galar|58\/100 brn|[from] brn
|upkeep
|turn|69
|
|t:|1652574263
|move|p1a: Gliscor 2|Earthquake|p2a: Thornbro-Galar
|-damage|p2a: Thornbro-Galar|39\/100 brn
|move|p2a: Thornbro-Galar|Slack Off|p2a: Thornbro-Galar
|-heal|p2a: Thornbro-Galar|89\/100 brn
|
|-damage|p2a: Thornbro-Galar|83\/100 brn|[from] brn
|upkeep
|turn|70
|j|+Paul(Paulluxx)
|
|t:|1652574272
|move|p1a: Gliscor 2|U-turn|p2a: Thornbro-Galar
|-damage|p2a: Thornbro-Galar|74\/100 brn
|
|t:|1652574276
|switch|p1a: Birbsmart|Mesflame, M|94\/100|[from]move: U-turn
|-start|p1a: Birbsmart|typechange|Fire\/Psychic|[silent]
|move|p2a: Thornbro-Galar|Body Press|p1a: Birbsmart
|-resisted|p1a: Birbsmart
|-damage|p1a: Birbsmart|89\/100
|
|-damage|p2a: Thornbro-Galar|68\/100 brn|[from] brn
|upkeep
|turn|71
|
|t:|1652574286
|switch|p2a: Noze-Dawn-Wings|Noze-Dawn-Wings, M|100\/100
|-start|p2a: Noze-Dawn-Wings|typechange|Psychic\/Rock|[silent]
|move|p1a: Birbsmart|Psychic|p2a: Noze-Dawn-Wings
|-resisted|p2a: Noze-Dawn-Wings
|-damage|p2a: Noze-Dawn-Wings|85\/100
|
|upkeep
|turn|72
|
|t:|1652574305
|switch|p1a: Gliscor 2|Glidol, F|100\/100 tox
|-start|p1a: Gliscor 2|typechange|Ground\/Flying|[silent]
|move|p2a: Noze-Dawn-Wings|Photon Geyser|p1a: Gliscor 2
|-damage|p1a: Gliscor 2|33\/100 tox
|
|-heal|p1a: Gliscor 2|45\/100 tox|[from] ability: Feel No Pain
|upkeep
|turn|73
|
|t:|1652574325
|move|p1a: Gliscor 2|U-turn|p2a: Noze-Dawn-Wings
|-supereffective|p2a: Noze-Dawn-Wings
|-damage|p2a: Noze-Dawn-Wings|65\/100
|
|t:|1652574329
|switch|p1a: Sableye 2|Absable-Mega-Y, M|66\/100 psn|[from]move: U-turn
|-start|p1a: Sableye 2|typechange|Dark\/Ghost|[silent]
|-start|p1a: Sableye 2|typechange|Dark\/Ghost|[silent]
|move|p2a: Noze-Dawn-Wings|Photon Geyser|p1a: Sableye 2
|-immune|p1a: Sableye 2
|
|-damage|p1a: Sableye 2|53\/100 psn|[from] psn
|upkeep
|turn|74
|
|t:|1652574337
|switch|p2a: Thornbro-Galar|Thornbro-Galar, M|100\/100 brn
|-start|p2a: Thornbro-Galar|typechange|Grass\/Poison|[silent]
|move|p1a: Sableye 2|Recover|p1a: Sableye 2
|-heal|p1a: Sableye 2|100\/100 psn
|
|-damage|p1a: Sableye 2|88\/100 psn|[from] psn
|-damage|p2a: Thornbro-Galar|94\/100 brn|[from] brn
|upkeep
|turn|75
|
|t:|1652574351
|switch|p1a: Gliscor 2|Glidol, F|45\/100 tox
|-start|p1a: Gliscor 2|typechange|Ground\/Flying|[silent]
|switch|p2a: Pincurchitar|Pincurchitar, F|70\/100 tox
|-start|p2a: Pincurchitar|typechange|Rock\/Electric|[silent]
|-weather|Sandstorm|[from] ability: Erosion|[of] p2a: Pincurchitar
|
|-weather|Sandstorm|[upkeep]
|-heal|p1a: Gliscor 2|58\/100 tox|[from] ability: Feel No Pain
|-damage|p2a: Pincurchitar|64\/100 tox|[from] psn
|upkeep
|turn|76
|
|t:|1652574361
|move|p1a: Gliscor 2|Roost|p1a: Gliscor 2
|-heal|p1a: Gliscor 2|100\/100 tox
|-singleturn|p1a: Gliscor 2|move: Roost
|move|p2a: Pincurchitar|Recover|p2a: Pincurchitar
|-heal|p2a: Pincurchitar|100\/100 tox
|
|-weather|Sandstorm|[upkeep]
|-damage|p2a: Pincurchitar|88\/100 tox|[from] psn
|upkeep
|turn|77
|
|t:|1652574371
|switch|p2a: Thornbro-Galar|Thornbro-Galar, M|100\/100 brn
|-start|p2a: Thornbro-Galar|typechange|Grass\/Poison|[silent]
|move|p1a: Gliscor 2|U-turn|p2a: Thornbro-Galar
|-crit|p2a: Thornbro-Galar
|-damage|p2a: Thornbro-Galar|87\/100 brn
|
|t:|1652574377
|switch|p1a: Birbsmart|Mesflame, M|89\/100|[from]move: U-turn
|-start|p1a: Birbsmart|typechange|Fire\/Psychic|[silent]
|
|-weather|Sandstorm|[upkeep]
|-damage|p1a: Birbsmart|83\/100|[from] Sandstorm
|-damage|p2a: Thornbro-Galar|81\/100 brn|[from] Sandstorm
|-damage|p2a: Thornbro-Galar|75\/100 brn|[from] brn
|upkeep
|turn|78
|
|t:|1652574386
|switch|p2a: Pincurchitar|Pincurchitar, F|88\/100 tox
|-start|p2a: Pincurchitar|typechange|Rock\/Electric|[silent]
|move|p1a: Birbsmart|Psychic|p2a: Pincurchitar
|-damage|p2a: Pincurchitar|75\/100 tox
|
|-weather|Sandstorm|[upkeep]
|-damage|p1a: Birbsmart|77\/100|[from] Sandstorm
|-damage|p2a: Pincurchitar|69\/100 tox|[from] psn
|upkeep
|turn|79
|
|t:|1652574394
|switch|p1a: Gliscor 2|Glidol, F|100\/100 tox
|-start|p1a: Gliscor 2|typechange|Ground\/Flying|[silent]
|move|p2a: Pincurchitar|Stealth Rock|p1a: Gliscor 2
|-sidestart|p1: Bobsican|move: Stealth Rock
|
|-weather|none
|-damage|p2a: Pincurchitar|57\/100 tox|[from] psn
|upkeep
|turn|80
|
|t:|1652574402
|switch|p2a: Thornbro-Galar|Thornbro-Galar, M|100\/100 brn
|-start|p2a: Thornbro-Galar|typechange|Grass\/Poison|[silent]
|move|p1a: Gliscor 2|Rapid Spin|p2a: Thornbro-Galar
|-damage|p2a: Thornbro-Galar|95\/100 brn
|-boost|p1a: Gliscor 2|spe|1
|-sideend|p1: Bobsican|Stealth Rock|[from] move: Rapid Spin|[of] p1a: Gliscor 2
|
|-damage|p2a: Thornbro-Galar|89\/100 brn|[from] brn
|upkeep
|turn|81
|
|t:|1652574409
|switch|p2a: Mesflame|Mesflame, F|27\/100
|-start|p2a: Mesflame|typechange|Fire\/Psychic|[silent]
|move|p1a: Gliscor 2|Rapid Spin|p2a: Mesflame
|-damage|p2a: Mesflame|14\/100
|-boost|p1a: Gliscor 2|spe|1
|
|upkeep
|turn|82
|
|t:|1652574414
|move|p1a: Gliscor 2|U-turn|p2a: Mesflame
|-damage|p2a: Mesflame|0 fnt
|faint|p2a: Mesflame
|
|t:|1652574418
|switch|p1a: Birbsmart|Mesflame, M|77\/100|[from]move: U-turn
|-start|p1a: Birbsmart|typechange|Fire\/Psychic|[silent]
|
|upkeep
|
|t:|1652574425
|switch|p2a: Pincurchitar|Pincurchitar, F|57\/100 tox
|-start|p2a: Pincurchitar|typechange|Rock\/Electric|[silent]
|-weather|Sandstorm|[from] ability: Erosion|[of] p2a: Pincurchitar
|turn|83
|
|t:|1652574433
|switch|p1a: Gliscor 2|Glidol, F|100\/100 tox
|-start|p1a: Gliscor 2|typechange|Ground\/Flying|[silent]
|move|p2a: Pincurchitar|Recover|p2a: Pincurchitar
|-heal|p2a: Pincurchitar|100\/100 tox
|
|-weather|Sandstorm|[upkeep]
|-damage|p2a: Pincurchitar|94\/100 tox|[from] psn
|upkeep
|turn|84
|c|☆Analysis geek|well no point in drawing this out wp
|inactive|Analysis geek has 270 seconds left.
|c|☆Analysis geek|gg
|c|☆Bobsican|gg
|-message|Analysis geek forfeited.
|
|win|Bobsican
|c|+Paul(Paulluxx)|goatsican
|c|+zxgzxg|analysis does you noze not have gem
|l|+ZCopen
|c|☆Analysis geek|yeah it doesnt 
|c|+zxgzxg|damn
|c|+zxgzxg|couldve been super good at this point
|c|☆Bobsican|Trick Mesflame wasn't originally planned, but then I thought it'd be a good idea to have a "fuck x mon" option at last minute</script>
</div>
<div class="battle-log battle-log-inline"><div class="inner"><div class="battle-options"><div style="padding-top: 3px; padding-right: 3px; text-align: right"><button class="icon button" name="openBattleOptions" title="Options">Battle Options</button></div></div><div class="inner message-log"><div class="chat"><small>☆Bobsican and ☆Analysis geek joined</small></div><div class=""><small>Format:</small> <br><strong>[Gen 8] Fusion Evolution UU</strong></div><div class=""><small><em>HP Percentage Mod:</em> HP is shown in percentages</small></div><div class=""><small><em>Endless Battle Clause:</em> Forcing endless battles is banned</small></div><div class=""><small><em>OHKO Clause:</em> OHKO moves are banned</small></div><div class=""><small><em>Evasion Moves Clause:</em> Evasion moves are banned</small></div><div class=""><small><em>Species Clause:</em> Limit one of each Pokémon</small></div><div class=""><small><em>Dynamax Clause:</em> You cannot dynamax</small></div><div class=""><small><em>Sleep Clause Mod:</em> Limit one foe put to sleep</small></div><div class=""><small><em>Z-Move Clause:</em> Z-Moves are banned</small></div><div class="chat battle-history"><strong>Bobsican's team:</strong> <em style="color:#445566;display:block;">Glidol / Volquag / Absable / Igglyzenta-Crowned / Mesflame / Goodevoir</em></div><div class="chat battle-history"><strong>Analysis geek's team:</strong> <em style="color:#445566;display:block;">Noze-Dawn-Wings / Trapeino / Thornbro-Galar / Pincurchitar / Mesflame / Jirachonator</em></div><div class="chat chatmessage-bobsican"><strong style="color:#b30ed8"><small>☆</small><span class="username" data-name="Bobsican">Bobsican</span>:</strong> <em>glhf</em></div><div class="chat chatmessage-analysisgeek"><strong style="color:#3e7fb9"><small>☆</small><span class="username" data-name="Analysis geek">Analysis geek</span>:</strong> <em>u2</em></div><div class="chat"><small>+zxgzxg joined</small></div><div class="spacer battle-history"><br></div><div class="battle-history">Battle started between Bobsican and Analysis geek!<br></div><div class="spacer battle-history"><br></div><div class="battle-history">Go! Sableye 2 (<strong>Absable</strong>)!<br></div><div class="spacer battle-history"><br></div><div class="battle-history">Analysis geek sent out <strong>Thornbro-Galar</strong>!<br></div><div class="chat"><ul class="utilichart"><li class="result"><span class="col pokemonnamecol" style="white-space: nowrap">Absable</span> <span class="col typecol"><img src="https://dragonheaven.herokuapp.com/sprites/types/Dark.png" alt="Dark" height="14" width="32"><img src="https://dragonheaven.herokuapp.com/sprites/types/Ghost.png" alt="Ghost" height="14" width="32"></span> <span style="float: left ; min-height: 26px"><span class="col abilitycol">Dark Humour</span><span class="col abilitycol"></span></span></li><li style="clear: both"></li></ul></div><div class="chat"><ul class="utilichart"><li class="result"><span style="float: left ; min-height: 26px"><span class="col statcol"><em>HP</em><br>60</span> <span class="col statcol"><em>Atk</em><br>110</span> <span class="col statcol"><em>Def</em><br>70</span> <span class="col statcol"><em>SpA</em><br>70</span> <span class="col statcol"><em>SpD</em><br>75</span> <span class="col statcol"><em>Spe</em><br>75</span> </span></li><li style="clear: both"></li></ul></div><div class="chat"><ul class="utilichart"><li class="result"><span class="col pokemonnamecol" style="white-space: nowrap">Thornbro-Galar</span> <span class="col typecol"><img src="https://dragonheaven.herokuapp.com/sprites/types/Grass.png" alt="Grass" height="14" width="32"><img src="https://dragonheaven.herokuapp.com/sprites/types/Poison.png" alt="Poison" height="14" width="32"></span> <span style="float: left ; min-height: 26px"><span class="col abilitycol">Prophylaxis</span><span class="col abilitycol"></span></span></li><li style="clear: both"></li></ul></div><div class="chat"><ul class="utilichart"><li class="result"><span style="float: left ; min-height: 26px"><span class="col statcol"><em>HP</em><br>104</span> <span class="col statcol"><em>Atk</em><br>97</span> <span class="col statcol"><em>Def</em><br>113</span> <span class="col statcol"><em>SpA</em><br>97</span> <span class="col statcol"><em>SpD</em><br>93</span> <span class="col statcol"><em>Spe</em><br>25</span> </span></li><li style="clear: both"></li></ul></div><div class="spacer battle-history"><br></div><h2 class="battle-history">Turn 1</h2><div class="spacer battle-history"><br></div><div class="battle-history"><small>Sableye 2's Sablenite is reacting to the Key Stone!</small><br>Sableye 2 has Mega Evolved into Mega Absable!<br></div><div class="chat"><ul class="utilichart"><li class="result"><span class="col pokemonnamecol" style="white-space: nowrap">Absable-Mega-Y</span> <span class="col typecol"><img src="https://dragonheaven.herokuapp.com/sprites/types/Dark.png" alt="Dark" height="14" width="32"><img src="https://dragonheaven.herokuapp.com/sprites/types/Ghost.png" alt="Ghost" height="14" width="32"></span> <span style="float: left ; min-height: 26px"><span class="col abilitycol">Magic Bounce</span><span class="col abilitycol"></span></span><span style="float: left ; min-height: 26px"><span class="col statcol"><em>HP</em><br>60</span> <span class="col statcol"><em>Atk</em><br>120</span> <span class="col statcol"><em>Def</em><br>120</span> <span class="col statcol"><em>SpA</em><br>90</span> <span class="col statcol"><em>SpD</em><br>125</span> <span class="col statcol"><em>Spe</em><br>45</span> </span></li><li style="clear: both"></li></ul></div><div class="spacer battle-history"><br></div><div class="battle-history">Sableye 2 used <strong>Will-O-Wisp</strong>!<br></div><div class="battle-history"><small>The opposing Thornbro-Galar was burned!</small><br></div><div class="spacer battle-history"><br></div><div class="battle-history">The opposing Thornbro-Galar used <strong>Sludge Bomb</strong>!<br></div><div class="battle-history"><small>It's not very effective...</small><br></div><div class="battle-history"><small>(Sableye 2 lost 9% of its health!)</small><br></div><div class="spacer battle-history"><br></div><div class="battle-history"><small>The opposing Thornbro-Galar was hurt by its burn!</small><br></div><div class="spacer battle-history"><br></div><h2 class="battle-history">Turn 2</h2><div class="spacer battle-history"><br></div><div class="battle-history">Sableye 2 used <strong>Knock Off</strong>!<br></div><div class="battle-history"><small>(The opposing Thornbro-Galar lost 21% of its health!)</small><br></div><div class="battle-history"><small>Sableye 2 knocked off the opposing Thornbro-Galar's Eject Button!</small><br></div><div class="spacer battle-history"><br></div><div class="battle-history">The opposing Thornbro-Galar used <strong>Sludge Bomb</strong>!<br></div><div class="battle-history"><small>It's not very effective...</small><br></div><div class="battle-history"><small>(Sableye 2 lost 10% of its health!)</small><br></div><div class="spacer battle-history"><br></div><div class="battle-history"><small>The opposing Thornbro-Galar was hurt by its burn!</small><br></div><div class="spacer battle-history"><br></div><h2 class="battle-history">Turn 3</h2><div class="spacer battle-history"><br></div><div class="battle-history">Sableye 2, come back!<br></div><div class="battle-history">Go! Ability is stretch (<strong>Igglyzenta-Crowned</strong>)!<br></div><div class="chat"><ul class="utilichart"><li class="result"><span class="col pokemonnamecol" style="white-space: nowrap">Igglyzenta-Crowned</span> <span class="col typecol"><img src="https://dragonheaven.herokuapp.com/sprites/types/Fairy.png" alt="Fairy" height="14" width="32"><img src="https://dragonheaven.herokuapp.com/sprites/types/Steel.png" alt="Steel" height="14" width="32"></span> <span style="float: left ; min-height: 26px"><span class="col abilitycol">Friend Shield</span><span class="col abilitycol"></span></span></li><li style="clear: both"></li></ul></div><div class="chat"><ul class="utilichart"><li class="result"><span style="float: left ; min-height: 26px"><span class="col statcol"><em>HP</em><br>111</span> <span class="col statcol"><em>Atk</em><br>100</span> <span class="col statcol"><em>Def</em><br>80</span> <span class="col statcol"><em>SpA</em><br>60</span> <span class="col statcol"><em>SpD</em><br>82</span> <span class="col statcol"><em>Spe</em><br>71</span> </span></li><li style="clear: both"></li></ul></div><div class="battle-history">[Ability is stretch's Friend Shield]<br></div><div class="battle-history"><small>Ability is stretch's Defense rose!</small><br></div><div class="battle-history"><small>Ability is stretch's Sp. Def rose!</small><br></div><div class="spacer battle-history"><br></div><div class="battle-history">The opposing Thornbro-Galar used <strong>Slack Off</strong>!<br></div><div class="battle-history"><small>The opposing Thornbro-Galar had its HP restored.</small><br></div><div class="spacer battle-history"><br></div><div class="battle-history"><small>The opposing Thornbro-Galar was hurt by its burn!</small><br></div><div class="spacer battle-history"><br></div><h2 class="battle-history">Turn 4</h2><div class="chat"><small>+NeonNitroGlycerin joined</small></div><div class="spacer battle-history"><br></div><div class="battle-history">Ability is stretch, come back!<br></div><div class="battle-history">Go! Sableye 2 (<strong>Absable-Mega-Y</strong>)!<br></div><div class="spacer battle-history"><br></div><div class="battle-history">Analysis geek withdrew Thornbro-Galar!<br></div><div class="battle-history">Analysis geek sent out <strong>Mesflame</strong>!<br></div><div class="chat"><ul class="utilichart"><li class="result"><span class="col pokemonnamecol" style="white-space: nowrap">Mesflame</span> <span class="col typecol"><img src="https://dragonheaven.herokuapp.com/sprites/types/Fire.png" alt="Fire" height="14" width="32"><img src="https://dragonheaven.herokuapp.com/sprites/types/Psychic.png" alt="Psychic" height="14" width="32"></span> <span style="float: left ; min-height: 26px"><span class="col abilitycol">Leviflame</span><span class="col abilitycol"></span></span></li><li style="clear: both"></li></ul></div><div class="chat"><ul class="utilichart"><li class="result"><span style="float: left ; min-height: 26px"><span class="col statcol"><em>HP</em><br>95</span> <span class="col statcol"><em>Atk</em><br>95</span> <span class="col statcol"><em>Def</em><br>95</span> <span class="col statcol"><em>SpA</em><br>95</span> <span class="col statcol"><em>SpD</em><br>95</span> <span class="col statcol"><em>Spe</em><br>104</span> </span></li><li style="clear: both"></li></ul></div><div class="spacer battle-history"><br></div><h2 class="battle-history">Turn 5</h2><div class="spacer battle-history"><br></div><div class="battle-history">The opposing Mesflame used <strong>U-turn</strong>!<br></div><div class="battle-history"><small>A critical hit!</small><br></div><div class="battle-history"><small>(Sableye 2 lost 19% of its health!)</small><br></div><div class="spacer battle-history"><br></div><div class="battle-history">The opposing Mesflame went back to Analysis geek!<br></div><div class="battle-history">Analysis geek sent out <strong>Thornbro-Galar</strong>!<br></div><div class="spacer battle-history"><br></div><div class="battle-history">Sableye 2 used <strong>Knock Off</strong>!<br></div><div class="battle-history"><small>(The opposing Thornbro-Galar lost 13% of its health!)</small><br></div><div class="spacer battle-history"><br></div><div class="battle-history"><small>The opposing Thornbro-Galar was hurt by its burn!</small><br></div><div class="spacer battle-history"><br></div><h2 class="battle-history">Turn 6</h2><div class="spacer battle-history"><br></div><div class="battle-history">Sableye 2 used <strong>Recover</strong>!<br></div><div class="battle-history"><small>Sableye 2 had its HP restored.</small><br></div><div class="spacer battle-history"><br></div><div class="battle-history">The opposing Thornbro-Galar used <strong>Sludge Bomb</strong>!<br></div><div class="battle-history"><small>It's not very effective...</small><br></div><div class="battle-history"><small>(Sableye 2 lost 10% of its health!)</small><br></div><div class="battle-history"><small>Sableye 2 was poisoned!</small><br></div><div class="spacer battle-history"><br></div><div class="battle-history"><small>Sableye 2 was hurt by poison!</small><br></div><div class="battle-history"><small>The opposing Thornbro-Galar was hurt by its burn!</small><br></div><div class="spacer battle-history"><br></div><h2 class="battle-history">Turn 7</h2><div class="chat chatmessage-neonnitroglycerin"><strong style="color:#23a944"><small>+</small><span class="username" data-name="NeonNitroGlycerin">NeonNitroGlycerin</span>:</strong> <em>analysis geek i believe in you</em></div><div class="spacer battle-history"><br></div><div class="battle-history">Sableye 2, come back!<br></div><div class="battle-history">Go! Gliscor 2 (<strong>Glidol</strong>)!<br></div><div class="chat"><ul class="utilichart"><li class="result"><span class="col pokemonnamecol" style="white-space: nowrap">Glidol</span> <span class="col typecol"><img src="https://dragonheaven.herokuapp.com/sprites/types/Ground.png" alt="Ground" height="14" width="32"><img src="https://dragonheaven.herokuapp.com/sprites/types/Flying.png" alt="Flying" height="14" width="32"></span> <span style="float: left ; min-height: 26px"><span class="col abilitycol">Feel No Pain</span><span class="col abilitycol"></span></span></li><li style="clear: both"></li></ul></div><div class="chat"><ul class="utilichart"><li class="result"><span style="float: left ; min-height: 26px"><span class="col statcol"><em>HP</em><br>67</span> <span class="col statcol"><em>Atk</em><br>94</span> <span class="col statcol"><em>Def</em><br>124</span> <span class="col statcol"><em>SpA</em><br>67</span> <span class="col statcol"><em>SpD</em><br>97</span> <span class="col statcol"><em>Spe</em><br>94</span> </span></li><li style="clear: both"></li></ul></div><div class="spacer battle-history"><br></div><div class="battle-history">Analysis geek withdrew Thornbro-Galar!<br></div><div class="battle-history">Analysis geek sent out <strong>Mesflame</strong>!<br></div><div class="spacer battle-history"><br></div><div class="battle-history"><small>Gliscor 2 was badly poisoned!</small><br></div><div class="spacer battle-history"><br></div><h2 class="battle-history">Turn 8</h2><div class="spacer battle-history"><br></div><div class="battle-history">Gliscor 2, come back!<br></div><div class="battle-history">Go! #Ban Weezking to F (<strong>Volquag</strong>)!<br></div><div class="chat"><ul class="utilichart"><li class="result"><span class="col pokemonnamecol" style="white-space: nowrap">Volquag</span> <span class="col typecol"><img src="https://dragonheaven.herokuapp.com/sprites/types/Fire.png" alt="Fire" height="14" width="32"><img src="https://dragonheaven.herokuapp.com/sprites/types/Water.png" alt="Water" height="14" width="32"></span> <span style="float: left ; min-height: 26px"><span class="col abilitycol">Porous</span><span class="col abilitycol"></span></span></li><li style="clear: both"></li></ul></div><div class="chat"><ul class="utilichart"><li class="result"><span style="float: left ; min-height: 26px"><span class="col statcol"><em>HP</em><br>90</span> <span class="col statcol"><em>Atk</em><br>97</span> <span class="col statcol"><em>Def</em><br>114</span> <span class="col statcol"><em>SpA</em><br>100</span> <span class="col statcol"><em>SpD</em><br>83</span> <span class="col statcol"><em>Spe</em><br>65</span> </span></li><li style="clear: both"></li></ul></div><div class="spacer battle-history"><br></div><div class="battle-history">The opposing Mesflame used <strong>Future Sight</strong>!<br></div><div class="battle-history"><small>The opposing Mesflame foresaw an attack!</small><br></div><div class="spacer battle-history"><br></div><h2 class="battle-history">Turn 9</h2><div class="spacer battle-history"><br></div><div class="battle-history">The opposing Mesflame used <strong>U-turn</strong>!<br></div><div class="battle-history"><small>It's not very effective...</small><br></div><div class="battle-history"><small>(#Ban Weezking to F lost 3% of its health!)</small><br></div><div class="chat"><small>+NeonNitroGlycerin left</small></div><div class="spacer battle-history"><br></div><div class="battle-history">The opposing Mesflame went back to Analysis geek!<br></div><div class="battle-history">Analysis geek sent out <strong>Pincurchitar</strong>!<br></div><div class="chat"><ul class="utilichart"><li class="result"><span class="col pokemonnamecol" style="white-space: nowrap">Pincurchitar</span> <span class="col typecol"><img src="https://dragonheaven.herokuapp.com/sprites/types/Rock.png" alt="Rock" height="14" width="32"><img src="https://dragonheaven.herokuapp.com/sprites/types/Electric.png" alt="Electric" height="14" width="32"></span> <span style="float: left ; min-height: 26px"><span class="col abilitycol">Erosion</span><span class="col abilitycol"></span></span></li><li style="clear: both"></li></ul></div><div class="chat"><ul class="utilichart"><li class="result"><span style="float: left ; min-height: 26px"><span class="col statcol"><em>HP</em><br>94</span> <span class="col statcol"><em>Atk</em><br>117</span> <span class="col statcol"><em>Def</em><br>102</span> <span class="col statcol"><em>SpA</em><br>103</span> <span class="col statcol"><em>SpD</em><br>102</span> <span class="col statcol"><em>Spe</em><br>38</span> </span></li><li style="clear: both"></li></ul></div><div class="battle-history">[The opposing Pincurchitar's Erosion]<br><small>A sandstorm kicked up!</small><br></div><div class="spacer battle-history"><br></div><div class="battle-history">#Ban Weezking to F used <strong>Toxic</strong>!<br></div><div class="battle-history"><small>The opposing Pincurchitar was badly poisoned!</small><br></div><div class="spacer battle-history"><br></div><div class="battle-history"><small>(The sandstorm is raging.)</small><br></div><div class="battle-history"><small>#Ban Weezking to F is buffeted by the sandstorm!</small><br></div><div class="battle-history"><small>The opposing Pincurchitar was hurt by poison!</small><br></div><div class="spacer battle-history"><br></div><h2 class="battle-history">Turn 10</h2><div class="spacer battle-history"><br></div><div class="battle-history">#Ban Weezking to F, come back!<br></div><div class="battle-history">Go! Ability is stretch (<strong>Igglyzenta-Crowned</strong>)!<br></div><div class="battle-history">[Ability is stretch's Friend Shield]<br></div><div class="battle-history"><small>Ability is stretch's Defense rose!</small><br></div><div class="battle-history"><small>Ability is stretch's Sp. Def rose!</small><br></div><div class="spacer battle-history"><br></div><div class="battle-history">The opposing Pincurchitar used <strong>Earthquake</strong>!<br></div><div class="battle-history"><small>It's super effective!</small><br></div><div class="battle-history"><small>(Ability is stretch lost 24% of its health!)</small><br></div><div class="spacer battle-history"><br></div><div class="battle-history"><small>(The sandstorm is raging.)</small><br></div><div class="battle-history"><small>Ability is stretch took the Future Sight attack!</small><br></div><div class="battle-history"><small>It's not very effective...</small><br></div><div class="battle-history"><small>(Ability is stretch lost 16% of its health!)</small><br></div><div class="battle-history"><small>Ability is stretch restored a little HP using its Leftovers!</small><br></div><div class="battle-history"><small>The opposing Pincurchitar was hurt by poison!</small><br></div><div class="spacer battle-history"><br></div><h2 class="battle-history">Turn 11</h2><div class="spacer battle-history"><br></div><div class="battle-history">Ability is stretch, come back!<br></div><div class="battle-history">Go! Gliscor 2 (<strong>Glidol</strong>)!<br></div><div class="spacer battle-history"><br></div><div class="battle-history">Analysis geek withdrew Pincurchitar!<br></div><div class="battle-history">Analysis geek sent out <strong>Noze-Dawn-Wings</strong>!<br></div><div class="chat"><ul class="utilichart"><li class="result"><span class="col pokemonnamecol" style="white-space: nowrap">Noze-Dawn-Wings</span> <span class="col typecol"><img src="https://dragonheaven.herokuapp.com/sprites/types/Psychic.png" alt="Psychic" height="14" width="32"><img src="https://dragonheaven.herokuapp.com/sprites/types/Rock.png" alt="Rock" height="14" width="32"></span> <span style="float: left ; min-height: 26px"><span class="col abilitycol">Olfactory Armor</span><span class="col abilitycol"></span></span></li><li style="clear: both"></li></ul></div><div class="chat"><ul class="utilichart"><li class="result"><span style="float: left ; min-height: 26px"><span class="col statcol"><em>HP</em><br>73</span> <span class="col statcol"><em>Atk</em><br>79</span> <span class="col statcol"><em>Def</em><br>127</span> <span class="col statcol"><em>SpA</em><br>113</span> <span class="col statcol"><em>SpD</em><br>113</span> <span class="col statcol"><em>Spe</em><br>61</span> </span></li><li style="clear: both"></li></ul></div><div class="spacer battle-history"><br></div><div class="battle-history"><small>(The sandstorm is raging.)</small><br></div><div class="spacer battle-history"><br></div><h2 class="battle-history">Turn 12</h2><div class="chat"><small>+ZCopen joined</small></div><div class="spacer battle-history"><br></div><div class="battle-history">Analysis geek withdrew Noze-Dawn-Wings!<br></div><div class="battle-history">Analysis geek sent out <strong>Mesflame</strong>!<br></div><div class="spacer battle-history"><br></div><div class="battle-history">Gliscor 2 used <strong>U-turn</strong>!<br></div><div class="battle-history"><small>(The opposing Mesflame lost 16% of its health!)</small><br></div><div class="spacer battle-history"><br></div><div class="battle-history">Gliscor 2 went back to Bobsican!<br></div><div class="battle-history">Go! Ability is stretch (<strong>Igglyzenta-Crowned</strong>)!<br></div><div class="battle-history">[Ability is stretch's Friend Shield]<br></div><div class="battle-history"><small>Ability is stretch's Defense rose!</small><br></div><div class="battle-history"><small>Ability is stretch's Sp. Def rose!</small><br></div><div class="spacer battle-history"><br></div><div class="battle-history"><small>(The sandstorm is raging.)</small><br></div><div class="battle-history"><small>The opposing Mesflame is buffeted by the sandstorm!</small><br></div><div class="battle-history"><small>Ability is stretch restored a little HP using its Leftovers!</small><br></div><div class="spacer battle-history"><br></div><h2 class="battle-history">Turn 13</h2><div class="spacer battle-history"><br></div><div class="battle-history">Ability is stretch, come back!<br></div><div class="battle-history">Go! Slime Waifu (<strong>Goodevoir</strong>)!<br></div><div class="chat"><ul class="utilichart"><li class="result"><span class="col pokemonnamecol" style="white-space: nowrap">Goodevoir</span> <span class="col typecol"><img src="https://dragonheaven.herokuapp.com/sprites/types/Dragon.png" alt="Dragon" height="14" width="32"><img src="https://dragonheaven.herokuapp.com/sprites/types/Fairy.png" alt="Fairy" height="14" width="32"></span> <span style="float: left ; min-height: 26px"><span class="col abilitycol">Vengeful Shift</span><span class="col abilitycol"></span></span></li><li style="clear: both"></li></ul></div><div class="chat"><ul class="utilichart"><li class="result"><span style="float: left ; min-height: 26px"><span class="col statcol"><em>HP</em><br>78</span> <span class="col statcol"><em>Atk</em><br>70</span> <span class="col statcol"><em>Def</em><br>59</span> <span class="col statcol"><em>SpA</em><br>124</span> <span class="col statcol"><em>SpD</em><br>114</span> <span class="col statcol"><em>Spe</em><br>80</span> </span></li><li style="clear: both"></li></ul></div><div class="spacer battle-history"><br></div><div class="battle-history">The opposing Mesflame used <strong>Flamethrower</strong>!<br></div><div class="battle-history"><small>It's not very effective...</small><br></div><div class="battle-history"><small>A critical hit!</small><br></div><div class="battle-history"><small>(Slime Waifu lost 19% of its health!)</small><br></div><div class="spacer battle-history"><br></div><div class="battle-history"><small>The sandstorm subsided.</small><br></div><div class="battle-history"><small>Slime Waifu restored a little HP using its Leftovers!</small><br></div><div class="spacer battle-history"><br></div><h2 class="battle-history">Turn 14</h2><div class="spacer battle-history"><br></div><div class="battle-history">The opposing Mesflame used <strong>Future Sight</strong>!<br></div><div class="battle-history"><small>The opposing Mesflame foresaw an attack!</small><br></div><div class="spacer battle-history"><br></div><div class="battle-history">Slime Waifu used <strong>Heal Bell</strong>!<br></div><div class="battle-history"><small>A bell chimed!</small><br></div><div class="battle-history"><small>Gliscor 2 was cured of its poisoning!</small><br></div><div class="battle-history"><small>Sableye 2 was cured of its poisoning!</small><br></div><div class="spacer battle-history"><br></div><div class="battle-history"><small>Slime Waifu restored a little HP using its Leftovers!</small><br></div><div class="spacer battle-history"><br></div><h2 class="battle-history">Turn 15</h2><div class="spacer battle-history"><br></div><div class="battle-history">The opposing Mesflame used <strong>U-turn</strong>!<br></div><div class="battle-history"><small>It's not very effective...</small><br></div><div class="battle-history"><small>(Slime Waifu lost 9% of its health!)</small><br></div><div class="spacer battle-history"><br></div><div class="battle-history">The opposing Mesflame went back to Analysis geek!<br></div><div class="battle-history">Analysis geek sent out <strong>Thornbro-Galar</strong>!<br></div><div class="spacer battle-history"><br></div><div class="battle-history">Slime Waifu used <strong>Wish</strong>!<br></div><div class="spacer battle-history"><br></div><div class="battle-history"><small>Slime Waifu restored a little HP using its Leftovers!</small><br></div><div class="battle-history"><small>The opposing Thornbro-Galar was hurt by its burn!</small><br></div><div class="spacer battle-history"><br></div><h2 class="battle-history">Turn 16</h2><div class="spacer battle-history"><br></div><div class="battle-history">Slime Waifu, come back!<br></div><div class="battle-history">Go! Sableye 2 (<strong>Absable-Mega-Y</strong>)!<br></div><div class="spacer battle-history"><br></div><div class="battle-history">Analysis geek withdrew Thornbro-Galar!<br></div><div class="battle-history">Analysis geek sent out <strong>Noze-Dawn-Wings</strong>!<br></div><div class="spacer battle-history"><br></div><div class="battle-history"><small>Sableye 2 took the Future Sight attack!</small><br></div><div class="battle-history"><small>It doesn't affect Sableye 2...</small><br></div><div class="battle-history"><small>Slime Waifu's wish came true!</small><br></div><div class="spacer battle-history"><br></div><h2 class="battle-history">Turn 17</h2><div class="spacer battle-history"><br></div><div class="battle-history">The opposing Noze-Dawn-Wings used <strong>Volt Switch</strong>!<br></div><div class="battle-history"><small>(Sableye 2 lost 20% of its health!)</small><br></div><div class="spacer battle-history"><br></div><div class="battle-history">The opposing Noze-Dawn-Wings went back to Analysis geek!<br></div><div class="battle-history">Analysis geek sent out <strong>Thornbro-Galar</strong>!<br></div><div class="spacer battle-history"><br></div><div class="battle-history">Sableye 2 used <strong>Knock Off</strong>!<br></div><div class="battle-history"><small>(The opposing Thornbro-Galar lost 16% of its health!)</small><br></div><div class="spacer battle-history"><br></div><div class="battle-history"><small>The opposing Thornbro-Galar was hurt by its burn!</small><br></div><div class="spacer battle-history"><br></div><h2 class="battle-history">Turn 18</h2><div class="spacer battle-history"><br></div><div class="battle-history">Sableye 2, come back!<br></div><div class="battle-history">Go! Ability is stretch (<strong>Igglyzenta-Crowned</strong>)!<br></div><div class="battle-history">[Ability is stretch's Friend Shield]<br></div><div class="battle-history"><small>Ability is stretch's Defense rose!</small><br></div><div class="battle-history"><small>Ability is stretch's Sp. Def rose!</small><br></div><div class="spacer battle-history"><br></div><div class="battle-history">The opposing Thornbro-Galar used <strong>Sludge Bomb</strong>!<br></div><div class="battle-history"><small>It doesn't affect Ability is stretch...</small><br></div><div class="spacer battle-history"><br></div><div class="battle-history"><small>Ability is stretch restored a little HP using its Leftovers!</small><br></div><div class="battle-history"><small>The opposing Thornbro-Galar was hurt by its burn!</small><br></div><div class="spacer battle-history"><br></div><h2 class="battle-history">Turn 19</h2><div class="spacer battle-history"><br></div><div class="battle-history">Ability is stretch, come back!<br></div><div class="battle-history">Go! Birbsmart (<strong>Mesflame</strong>)!<br></div><div class="chat"><ul class="utilichart"><li class="result"><span class="col pokemonnamecol" style="white-space: nowrap">Mesflame</span> <span class="col typecol"><img src="https://dragonheaven.herokuapp.com/sprites/types/Fire.png" alt="Fire" height="14" width="32"><img src="https://dragonheaven.herokuapp.com/sprites/types/Psychic.png" alt="Psychic" height="14" width="32"></span> <span style="float: left ; min-height: 26px"><span class="col abilitycol">Leviflame</span><span class="col abilitycol"></span></span></li><li style="clear: both"></li></ul></div><div class="chat"><ul class="utilichart"><li class="result"><span style="float: left ; min-height: 26px"><span class="col statcol"><em>HP</em><br>95</span> <span class="col statcol"><em>Atk</em><br>95</span> <span class="col statcol"><em>Def</em><br>95</span> <span class="col statcol"><em>SpA</em><br>95</span> <span class="col statcol"><em>SpD</em><br>95</span> <span class="col statcol"><em>Spe</em><br>104</span> </span></li><li style="clear: both"></li></ul></div><div class="spacer battle-history"><br></div><div class="battle-history">The opposing Thornbro-Galar used <strong>Sludge Bomb</strong>!<br></div><div class="battle-history"><small>(Birbsmart lost 23% of its health!)</small><br></div><div class="spacer battle-history"><br></div><div class="battle-history"><small>The opposing Thornbro-Galar was hurt by its burn!</small><br></div><div class="spacer battle-history"><br></div><h2 class="battle-history">Turn 20</h2><div class="spacer battle-history"><br></div><div class="battle-history">Analysis geek withdrew Thornbro-Galar!<br></div><div class="battle-history">Analysis geek sent out <strong>Mesflame</strong>!<br></div><div class="spacer battle-history"><br></div><div class="battle-history">Birbsmart used <strong>Fire Blast</strong>!<br></div><div class="battle-history"><small>It's not very effective...</small><br></div><div class="battle-history"><small>(The opposing Mesflame lost 21% of its health!)</small><br></div><div class="spacer battle-history"><br></div><h2 class="battle-history">Turn 21</h2><div class="spacer battle-history"><br></div><div class="battle-history">Birbsmart, come back!<br></div><div class="battle-history">Go! Slime Waifu (<strong>Goodevoir</strong>)!<br></div><div class="spacer battle-history"><br></div><div class="battle-history">The opposing Mesflame used <strong>Future Sight</strong>!<br></div><div class="battle-history"><small>The opposing Mesflame foresaw an attack!</small><br></div><div class="spacer battle-history"><br></div><div class="battle-history"><small>Slime Waifu restored a little HP using its Leftovers!</small><br></div><div class="spacer battle-history"><br></div><h2 class="battle-history">Turn 22</h2><div class="spacer battle-history"><br></div><div class="battle-history">The opposing Mesflame used <strong>U-turn</strong>!<br></div><div class="battle-history"><small>It's not very effective...</small><br></div><div class="battle-history"><small>(Slime Waifu lost 9% of its health!)</small><br></div><div class="spacer battle-history"><br></div><div class="battle-history">The opposing Mesflame went back to Analysis geek!<br></div><div class="battle-history">Analysis geek sent out <strong>Jirachonator</strong>!<br></div><div class="chat"><ul class="utilichart"><li class="result"><span class="col pokemonnamecol" style="white-space: nowrap">Jirachonator</span> <span class="col typecol"><img src="https://dragonheaven.herokuapp.com/sprites/types/Steel.png" alt="Steel" height="14" width="32"><img src="https://dragonheaven.herokuapp.com/sprites/types/Dragon.png" alt="Dragon" height="14" width="32"></span> <span style="float: left ; min-height: 26px"><span class="col abilitycol">Shield Dust</span><span class="col abilitycol"></span></span></li><li style="clear: both"></li></ul></div><div class="chat"><ul class="utilichart"><li class="result"><span style="float: left ; min-height: 26px"><span class="col statcol"><em>HP</em><br>90</span> <span class="col statcol"><em>Atk</em><br>89</span> <span class="col statcol"><em>Def</em><br>117</span> <span class="col statcol"><em>SpA</em><br>115</span> <span class="col statcol"><em>SpD</em><br>102</span> <span class="col statcol"><em>Spe</em><br>68</span> </span></li><li style="clear: both"></li></ul></div><div class="spacer battle-history"><br></div><div class="battle-history">Slime Waifu used <strong>Wish</strong>!<br></div><div class="spacer battle-history"><br></div><div class="battle-history"><small>Slime Waifu restored a little HP using its Leftovers!</small><br></div><div class="spacer battle-history"><br></div><h2 class="battle-history">Turn 23</h2><div class="spacer battle-history"><br></div><div class="battle-history">Slime Waifu, come back!<br></div><div class="battle-history">Go! #Ban Weezking to F (<strong>Volquag</strong>)!<br></div><div class="spacer battle-history"><br></div><div class="battle-history">The opposing Jirachonator used <strong>Shell Smash</strong>!<br></div><div class="battle-history"><small>The opposing Jirachonator's Defense fell!</small><br></div><div class="battle-history"><small>The opposing Jirachonator's Sp. Def fell!</small><br></div><div class="battle-history"><small>The opposing Jirachonator's Attack rose sharply!</small><br></div><div class="battle-history"><small>The opposing Jirachonator's Sp. Atk rose sharply!</small><br></div><div class="battle-history"><small>The opposing Jirachonator's Speed rose sharply!</small><br></div><div class="battle-history"><small>The opposing Jirachonator returned its stats to normal using its White Herb!</small><br></div><div class="spacer battle-history"><br></div><div class="battle-history"><small>#Ban Weezking to F took the Future Sight attack!</small><br></div><div class="battle-history"><small>(#Ban Weezking to F lost 48% of its health!)</small><br></div><div class="battle-history"><small>Slime Waifu's wish came true!</small><br></div><div class="spacer battle-history"><br></div><h2 class="battle-history">Turn 24</h2><div class="spacer battle-history"><br></div><div class="battle-history">The opposing Jirachonator used <strong>Stored Power</strong>!<br></div><div class="battle-history"><small>(#Ban Weezking to F lost 49% of its health!)</small><br></div><div class="spacer battle-history"><br></div><div class="battle-history">#Ban Weezking to F used <strong>Scald</strong>!<br></div><div class="battle-history"><small>It's not very effective...</small><br></div><div class="battle-history"><small>(The opposing Jirachonator lost 14% of its health!)</small><br></div><div class="spacer battle-history"><br></div><h2 class="battle-history">Turn 25</h2><div class="spacer battle-history"><br></div><div class="battle-history">#Ban Weezking to F, come back!<br></div><div class="battle-history">Go! Sableye 2 (<strong>Absable-Mega-Y</strong>)!<br></div><div class="spacer battle-history"><br></div><div class="battle-history">The opposing Jirachonator used <strong>Stored Power</strong>!<br></div><div class="battle-history"><small>It doesn't affect Sableye 2...</small><br></div><div class="spacer battle-history"><br></div><h2 class="battle-history">Turn 26</h2><div class="chat"><small>+moretto joined</small></div><div class="spacer battle-history"><br></div><div class="battle-history">The opposing Jirachonator used <strong>Dragon Pulse</strong>!<br></div><div class="battle-history"><small>(Sableye 2 lost 56% of its health!)</small><br></div><div class="spacer battle-history"><br></div><div class="battle-history">Sableye 2 used <strong>Foul Play</strong>!<br></div><div class="battle-history"><small>A critical hit!</small><br></div><div class="battle-history"><small>(The opposing Jirachonator lost 62% of its health!)</small><br></div><div class="spacer battle-history"><br></div><h2 class="battle-history">Turn 27</h2><div class="spacer battle-history"><br></div><div class="battle-history">Sableye 2, come back!<br></div><div class="battle-history">Go! Slime Waifu (<strong>Goodevoir</strong>)!<br></div><div class="spacer battle-history"><br></div><div class="battle-history">The opposing Jirachonator used <strong>Flash Cannon</strong>!<br></div><div class="battle-history"><small>It's super effective!</small><br></div><div class="battle-history"><small>(Slime Waifu lost 94% of its health!)</small><br></div><div class="spacer battle-history"><br></div><div class="battle-history">Slime Waifu fainted!<br></div><div class="spacer battle-history"><br></div><div class="battle-history">Go! Ability is stretch (<strong>Igglyzenta-Crowned</strong>)!<br></div><div class="battle-history">[Ability is stretch's Friend Shield]<br></div><div class="battle-history"><small>Ability is stretch's Defense rose!</small><br></div><div class="battle-history"><small>Ability is stretch's Sp. Def rose!</small><br></div><div class="spacer battle-history"><br></div><h2 class="battle-history">Turn 28</h2><div class="spacer battle-history"><br></div><div class="battle-history">The opposing Jirachonator used <strong>Flash Cannon</strong>!<br></div><div class="battle-history"><small>(Ability is stretch lost 45% of its health!)</small><br></div><div class="spacer battle-history"><br></div><div class="battle-history">Ability is stretch used <strong>Seismic Toss</strong>!<br></div><div class="battle-history"><small>(The opposing Jirachonator lost 24% of its health!)</small><br></div><div class="spacer battle-history"><br></div><div class="battle-history">The opposing Jirachonator fainted!<br></div><div class="spacer battle-history"><br></div><div class="battle-history"><small>Ability is stretch restored a little HP using its Leftovers!</small><br></div><div class="spacer battle-history"><br></div><div class="battle-history">Analysis geek sent out <strong>Noze-Dawn-Wings</strong>!<br></div><div class="spacer battle-history"><br></div><h2 class="battle-history">Turn 29</h2><div class="spacer battle-history"><br></div><div class="battle-history">Ability is stretch used <strong>Protect</strong>!<br></div><div class="battle-history"><small>Ability is stretch protected itself!</small><br></div><div class="spacer battle-history"><br></div><div class="battle-history">The opposing Noze-Dawn-Wings used <strong>Earth Power</strong>!<br></div><div class="battle-history"><small>Ability is stretch protected itself!</small><br></div><div class="spacer battle-history"><br></div><div class="battle-history"><small>Ability is stretch restored a little HP using its Leftovers!</small><br></div><div class="spacer battle-history"><br></div><h2 class="battle-history">Turn 30</h2><div class="spacer battle-history"><br></div><div class="battle-history">The opposing Noze-Dawn-Wings used <strong>Earth Power</strong>!<br></div><div class="battle-history"><small>It's super effective!</small><br></div><div class="battle-history"><small>(Ability is stretch lost 45% of its health!)</small><br></div><div class="spacer battle-history"><br></div><div class="battle-history">Ability is stretch fainted!<br></div><div class="spacer battle-history"><br></div><div class="battle-history">Go! Gliscor 2 (<strong>Glidol</strong>)!<br></div><div class="spacer battle-history"><br></div><h2 class="battle-history">Turn 31</h2><div class="spacer battle-history"><br></div><div class="battle-history">Analysis geek withdrew Noze-Dawn-Wings!<br></div><div class="battle-history">Analysis geek sent out <strong>Mesflame</strong>!<br></div><div class="spacer battle-history"><br></div><div class="battle-history">Gliscor 2 used <strong>U-turn</strong>!<br></div><div class="battle-history"><small>(The opposing Mesflame lost 16% of its health!)</small><br></div><div class="spacer battle-history"><br></div><div class="battle-history">Gliscor 2 went back to Bobsican!<br></div><div class="battle-history">Go! Birbsmart (<strong>Mesflame</strong>)!<br></div><div class="spacer battle-history"><br></div><h2 class="battle-history">Turn 32</h2><div class="spacer battle-history"><br></div><div class="battle-history">Birbsmart used <strong>Trick</strong>!<br></div><div class="battle-history"><small>Birbsmart switched items with its target!</small><br></div><div class="battle-history"><small>The opposing Mesflame obtained one Choice Scarf.</small><br></div><div class="battle-history"><small>Birbsmart obtained one Colbur Berry.</small><br></div><div class="spacer battle-history"><br></div><div class="battle-history">The opposing Mesflame used <strong>Future Sight</strong>!<br></div><div class="battle-history"><small>The opposing Mesflame foresaw an attack!</small><br></div><div class="spacer battle-history"><br></div><h2 class="battle-history">Turn 33</h2><div class="spacer battle-history"><br></div><div class="battle-history">Analysis geek withdrew Mesflame!<br></div><div class="battle-history">Analysis geek sent out <strong>Trapeino</strong>!<br></div><div class="chat"><ul class="utilichart"><li class="result"><span class="col pokemonnamecol" style="white-space: nowrap">Trapeino</span> <span class="col typecol"><img src="https://dragonheaven.herokuapp.com/sprites/types/Ground.png" alt="Ground" height="14" width="32"><img src="https://dragonheaven.herokuapp.com/sprites/types/Dark.png" alt="Dark" height="14" width="32"></span> <span style="float: left ; min-height: 26px"><span class="col abilitycol">Tiger Pit</span><span class="col abilitycol"></span></span></li><li style="clear: both"></li></ul></div><div class="chat"><ul class="utilichart"><li class="result"><span style="float: left ; min-height: 26px"><span class="col statcol"><em>HP</em><br>50</span> <span class="col statcol"><em>Atk</em><br>100</span> <span class="col statcol"><em>Def</em><br>50</span> <span class="col statcol"><em>SpA</em><br>45</span> <span class="col statcol"><em>SpD</em><br>50</span> <span class="col statcol"><em>Spe</em><br>25</span> </span></li><li style="clear: both"></li></ul></div><div class="spacer battle-history"><br></div><div class="battle-history">Birbsmart used <strong>Fire Blast</strong>!<br></div><div class="battle-history"><small>A critical hit!</small><br></div><div class="battle-history"><small>(The opposing Trapeino lost 100% of its health!)</small><br></div><div class="spacer battle-history"><br></div><div class="battle-history">The opposing Trapeino fainted!<br></div><div class="spacer battle-history"><br></div><div class="battle-history">Analysis geek sent out <strong>Mesflame</strong>!<br></div><div class="spacer battle-history"><br></div><h2 class="battle-history">Turn 34</h2><div class="spacer battle-history"><br></div><div class="battle-history">The opposing Mesflame used <strong>Roost</strong>!<br></div><div class="battle-history"><small>The opposing Mesflame had its HP restored.</small><br></div><div class="spacer battle-history"><br></div><div class="battle-history">Birbsmart used <strong>Fire Blast</strong>!<br></div><div class="battle-history"><small>It's not very effective...</small><br></div><div class="battle-history"><small>(The opposing Mesflame lost 19% of its health!)</small><br></div><div class="spacer battle-history"><br></div><div class="battle-history"><small>Birbsmart took the Future Sight attack!</small><br></div><div class="battle-history"><small>It's not very effective...</small><br></div><div class="battle-history"><small>(Birbsmart lost 18% of its health!)</small><br></div><div class="spacer battle-history"><br></div><h2 class="battle-history">Turn 35</h2><div class="spacer battle-history"><br></div><div class="battle-history">Analysis geek withdrew Mesflame!<br></div><div class="battle-history">Analysis geek sent out <strong>Pincurchitar</strong>!<br></div><div class="battle-history">[The opposing Pincurchitar's Erosion]<br><small>A sandstorm kicked up!</small><br></div><div class="spacer battle-history"><br></div><div class="battle-history">Birbsmart used <strong>Roost</strong>!<br></div><div class="battle-history"><small>Birbsmart had its HP restored.</small><br></div><div class="spacer battle-history"><br></div><div class="battle-history"><small>(The sandstorm is raging.)</small><br></div><div class="battle-history"><small>Birbsmart is buffeted by the sandstorm!</small><br></div><div class="battle-history"><small>The opposing Pincurchitar was hurt by poison!</small><br></div><div class="spacer battle-history"><br></div><h2 class="battle-history">Turn 36</h2><div class="spacer battle-history"><br></div><div class="battle-history">Birbsmart, come back!<br></div><div class="battle-history">Go! Gliscor 2 (<strong>Glidol</strong>)!<br></div><div class="spacer battle-history"><br></div><div class="battle-history">The opposing Pincurchitar used <strong>Recover</strong>!<br></div><div class="battle-history"><small>The opposing Pincurchitar had its HP restored.</small><br></div><div class="spacer battle-history"><br></div><div class="battle-history"><small>(The sandstorm is raging.)</small><br></div><div class="battle-history"><small>The opposing Pincurchitar was hurt by poison!</small><br></div><div class="battle-history"><small>Gliscor 2 was badly poisoned!</small><br></div><div class="spacer battle-history"><br></div><h2 class="battle-history">Turn 37</h2><div class="spacer battle-history"><br></div><div class="battle-history">Analysis geek withdrew Pincurchitar!<br></div><div class="battle-history">Analysis geek sent out <strong>Mesflame</strong>!<br></div><div class="spacer battle-history"><br></div><div class="battle-history">Gliscor 2 used <strong>Earthquake</strong>!<br></div><div class="battle-history">[The opposing Mesflame's Leviflame]<br><small>It doesn't affect the opposing Mesflame...</small><br></div><div class="spacer battle-history"><br></div><div class="battle-history"><small>(The sandstorm is raging.)</small><br></div><div class="battle-history"><small>The opposing Mesflame is buffeted by the sandstorm!</small><br></div><div class="spacer battle-history"><br></div><h2 class="battle-history">Turn 38</h2><div class="spacer battle-history"><br></div><div class="battle-history">The opposing Mesflame used <strong>Future Sight</strong>!<br></div><div class="battle-history"><small>The opposing Mesflame foresaw an attack!</small><br></div><div class="spacer battle-history"><br></div><div class="battle-history">Gliscor 2 used <strong>U-turn</strong>!<br></div><div class="battle-history"><small>(The opposing Mesflame lost 15% of its health!)</small><br></div><div class="spacer battle-history"><br></div><div class="battle-history">Gliscor 2 went back to Bobsican!<br></div><div class="battle-history">Go! Sableye 2 (<strong>Absable-Mega-Y</strong>)!<br></div><div class="spacer battle-history"><br></div><div class="battle-history"><small>(The sandstorm is raging.)</small><br></div><div class="battle-history"><small>The opposing Mesflame is buffeted by the sandstorm!</small><br></div><div class="battle-history"><small>Sableye 2 is buffeted by the sandstorm!</small><br></div><div class="spacer battle-history"><br></div><h2 class="battle-history">Turn 39</h2><div class="spacer battle-history"><br></div><div class="battle-history">Analysis geek withdrew Mesflame!<br></div><div class="battle-history">Analysis geek sent out <strong>Thornbro-Galar</strong>!<br></div><div class="spacer battle-history"><br></div><div class="battle-history">Sableye 2 used <strong>Recover</strong>!<br></div><div class="battle-history"><small>Sableye 2 had its HP restored.</small><br></div><div class="spacer battle-history"><br></div><div class="battle-history"><small>The sandstorm subsided.</small><br></div><div class="battle-history"><small>The opposing Thornbro-Galar was hurt by its burn!</small><br></div><div class="spacer battle-history"><br></div><h2 class="battle-history">Turn 40</h2><div class="chat"><small>+Gekokeso joined</small></div><div class="spacer battle-history"><br></div><div class="battle-history">Sableye 2, come back!<br></div><div class="battle-history">Go! Gliscor 2 (<strong>Glidol</strong>)!<br></div><div class="spacer battle-history"><br></div><div class="battle-history">The opposing Thornbro-Galar used <strong>Sludge Bomb</strong>!<br></div><div class="battle-history"><small>It's not very effective...</small><br></div><div class="battle-history"><small>(Gliscor 2 lost 15% of its health!)</small><br></div><div class="spacer battle-history"><br></div><div class="battle-history"><small>Gliscor 2 took the Future Sight attack!</small><br></div><div class="battle-history"><small>(Gliscor 2 lost 47% of its health!)</small><br></div><div class="battle-history">[Gliscor 2's Feel No Pain]<br><small>Gliscor 2 had its HP restored.</small><br></div><div class="battle-history"><small>The opposing Thornbro-Galar was hurt by its burn!</small><br></div><div class="spacer battle-history"><br></div><h2 class="battle-history">Turn 41</h2><div class="spacer battle-history"><br></div><div class="battle-history">Analysis geek withdrew Thornbro-Galar!<br></div><div class="battle-history">Analysis geek sent out <strong>Mesflame</strong>!<br></div><div class="spacer battle-history"><br></div><div class="battle-history">Gliscor 2 used <strong>Roost</strong>!<br></div><div class="battle-history"><small>Gliscor 2 had its HP restored.</small><br></div><div class="battle-history"><small>(Gliscor 2 loses Flying type this turn.)</small><br></div><div class="spacer battle-history"><br></div><h2 class="battle-history">Turn 42</h2><div class="spacer battle-history"><br></div><div class="battle-history">The opposing Mesflame used <strong>Roost</strong>!<br></div><div class="battle-history"><small>The opposing Mesflame had its HP restored.</small><br></div><div class="spacer battle-history"><br></div><div class="battle-history">Gliscor 2 used <strong>U-turn</strong>!<br></div><div class="battle-history"><small>(The opposing Mesflame lost 16% of its health!)</small><br></div><div class="spacer battle-history"><br></div><div class="battle-history">Gliscor 2 went back to Bobsican!<br></div><div class="battle-history">Go! #Ban Weezking to F (<strong>Volquag</strong>)!<br></div><div class="spacer battle-history"><br></div><h2 class="battle-history">Turn 43</h2><div class="spacer battle-history"><br></div><div class="battle-history">Analysis geek withdrew Mesflame!<br></div><div class="battle-history">Analysis geek sent out <strong>Noze-Dawn-Wings</strong>!<br></div><div class="spacer battle-history"><br></div><div class="battle-history">#Ban Weezking to F used <strong>Recover</strong>!<br></div><div class="battle-history"><small>#Ban Weezking to F had its HP restored.</small><br></div><div class="spacer battle-history"><br></div><h2 class="battle-history">Turn 44</h2><div class="chat chatmessage-bobsican"><strong style="color:#b30ed8"><small>☆</small><span class="username" data-name="Bobsican">Bobsican</span>:</strong> <em>And they said momentum was irrelevant for stall</em></div><div class="spacer battle-history"><br></div><div class="battle-history">#Ban Weezking to F, come back!<br></div><div class="battle-history">Go! Gliscor 2 (<strong>Glidol</strong>)!<br></div><div class="spacer battle-history"><br></div><div class="battle-history">The opposing Noze-Dawn-Wings used <strong>Volt Switch</strong>!<br></div><div class="battle-history"><small>It doesn't affect Gliscor 2...</small><br></div><div class="spacer battle-history"><br></div><h2 class="battle-history">Turn 45</h2><div class="spacer battle-history"><br></div><div class="battle-history">The opposing Noze-Dawn-Wings went back to Analysis geek!<br></div><div class="battle-history">Analysis geek sent out <strong>Mesflame</strong>!<br></div><div class="spacer battle-history"><br></div><div class="battle-history">Gliscor 2 used <strong>U-turn</strong>!<br></div><div class="battle-history"><small>(The opposing Mesflame lost 16% of its health!)</small><br></div><div class="spacer battle-history"><br></div><div class="battle-history">Gliscor 2 went back to Bobsican!<br></div><div class="battle-history">Go! #Ban Weezking to F (<strong>Volquag</strong>)!<br></div><div class="spacer battle-history"><br></div><h2 class="battle-history">Turn 46</h2><div class="spacer battle-history"><br></div><div class="battle-history">Analysis geek withdrew Mesflame!<br></div><div class="battle-history">Analysis geek sent out <strong>Thornbro-Galar</strong>!<br></div><div class="battle-history">[The opposing Thornbro-Galar's Prophylaxis]<br></div><div class="spacer battle-history"><br></div><div class="battle-history">#Ban Weezking to F used <strong>Ice Beam</strong>!<br></div><div class="battle-history"><small>It's super effective!</small><br></div><div class="battle-history"><small>(The opposing Thornbro-Galar lost 37% of its health!)</small><br></div><div class="spacer battle-history"><br></div><div class="battle-history"><small>The opposing Thornbro-Galar was hurt by its burn!</small><br></div><div class="spacer battle-history"><br></div><h2 class="battle-history">Turn 47</h2><div class="spacer battle-history"><br></div><div class="battle-history">#Ban Weezking to F, come back!<br></div><div class="battle-history">Go! Gliscor 2 (<strong>Glidol</strong>)!<br></div><div class="spacer battle-history"><br></div><div class="battle-history">Analysis geek withdrew Thornbro-Galar!<br></div><div class="battle-history">Analysis geek sent out <strong>Pincurchitar</strong>!<br></div><div class="battle-history">[The opposing Pincurchitar's Erosion]<br><small>A sandstorm kicked up!</small><br></div><div class="spacer battle-history"><br></div><div class="battle-history"><small>(The sandstorm is raging.)</small><br></div><div class="battle-history"><small>The opposing Pincurchitar was hurt by poison!</small><br></div><div class="spacer battle-history"><br></div><h2 class="battle-history">Turn 48</h2><div class="spacer battle-history"><br></div><div class="battle-history">Analysis geek withdrew Pincurchitar!<br></div><div class="battle-history">Analysis geek sent out <strong>Thornbro-Galar</strong>!<br></div><div class="spacer battle-history"><br></div><div class="battle-history">Gliscor 2 used <strong>Earthquake</strong>!<br></div><div class="battle-history"><small>(The opposing Thornbro-Galar lost 18% of its health!)</small><br></div><div class="spacer battle-history"><br></div><div class="battle-history"><small>(The sandstorm is raging.)</small><br></div><div class="battle-history"><small>The opposing Thornbro-Galar is buffeted by the sandstorm!</small><br></div><div class="battle-history"><small>The opposing Thornbro-Galar was hurt by its burn!</small><br></div><div class="spacer battle-history"><br></div><h2 class="battle-history">Turn 49</h2><div class="spacer battle-history"><br></div><div class="battle-history">Analysis geek withdrew Thornbro-Galar!<br></div><div class="battle-history">Analysis geek sent out <strong>Mesflame</strong>!<br></div><div class="spacer battle-history"><br></div><div class="battle-history">Gliscor 2 used <strong>U-turn</strong>!<br></div><div class="battle-history"><small>(The opposing Mesflame lost 18% of its health!)</small><br></div><div class="spacer battle-history"><br></div><div class="battle-history">Gliscor 2 went back to Bobsican!<br></div><div class="battle-history">Go! #Ban Weezking to F (<strong>Volquag</strong>)!<br></div><div class="spacer battle-history"><br></div><div class="battle-history"><small>(The sandstorm is raging.)</small><br></div><div class="battle-history"><small>The opposing Mesflame is buffeted by the sandstorm!</small><br></div><div class="battle-history"><small>#Ban Weezking to F is buffeted by the sandstorm!</small><br></div><div class="spacer battle-history"><br></div><h2 class="battle-history">Turn 50</h2><div class="spacer battle-history"><br></div><div class="battle-history">Analysis geek withdrew Mesflame!<br></div><div class="battle-history">Analysis geek sent out <strong>Thornbro-Galar</strong>!<br></div><div class="battle-history">[The opposing Thornbro-Galar's Prophylaxis]<br></div><div class="spacer battle-history"><br></div><div class="battle-history">#Ban Weezking to F used <strong>Scald</strong>!<br></div><div class="battle-history"><small>It's not very effective...</small><br></div><div class="battle-history"><small>A critical hit!</small><br></div><div class="battle-history"><small>(The opposing Thornbro-Galar lost 16% of its health!)</small><br></div><div class="spacer battle-history"><br></div><div class="battle-history"><small>(The sandstorm is raging.)</small><br></div><div class="battle-history"><small>#Ban Weezking to F is buffeted by the sandstorm!</small><br></div><div class="battle-history"><small>The opposing Thornbro-Galar is buffeted by the sandstorm!</small><br></div><div class="battle-history"><small>The opposing Thornbro-Galar was hurt by its burn!</small><br></div><div class="spacer battle-history"><br></div><h2 class="battle-history">Turn 51</h2><div class="spacer battle-history"><br></div><div class="battle-history">#Ban Weezking to F, come back!<br></div><div class="battle-history">Go! Gliscor 2 (<strong>Glidol</strong>)!<br></div><div class="spacer battle-history"><br></div><div class="battle-history">Analysis geek withdrew Thornbro-Galar!<br></div><div class="battle-history">Analysis geek sent out <strong>Pincurchitar</strong>!<br></div><div class="spacer battle-history"><br></div><div class="battle-history"><small>The sandstorm subsided.</small><br></div><div class="battle-history"><small>The opposing Pincurchitar was hurt by poison!</small><br></div><div class="spacer battle-history"><br></div><h2 class="battle-history">Turn 52</h2><div class="spacer battle-history"><br></div><div class="battle-history">Analysis geek withdrew Pincurchitar!<br></div><div class="battle-history">Analysis geek sent out <strong>Thornbro-Galar</strong>!<br></div><div class="spacer battle-history"><br></div><div class="battle-history">Gliscor 2 used <strong>U-turn</strong>!<br></div><div class="battle-history"><small>(The opposing Thornbro-Galar lost 9% of its health!)</small><br></div><div class="spacer battle-history"><br></div><div class="battle-history">Gliscor 2 went back to Bobsican!<br></div><div class="battle-history">Go! Birbsmart (<strong>Mesflame</strong>)!<br></div><div class="spacer battle-history"><br></div><div class="battle-history"><small>The opposing Thornbro-Galar was hurt by its burn!</small><br></div><div class="spacer battle-history"><br></div><h2 class="battle-history">Turn 53</h2><div class="spacer battle-history"><br></div><div class="battle-history">Analysis geek withdrew Thornbro-Galar!<br></div><div class="battle-history">Analysis geek sent out <strong>Mesflame</strong>!<br></div><div class="spacer battle-history"><br></div><div class="battle-history">Birbsmart used <strong>Psychic</strong>!<br></div><div class="battle-history"><small>It's not very effective...</small><br></div><div class="battle-history"><small>(The opposing Mesflame lost 16% of its health!)</small><br></div><div class="spacer battle-history"><br></div><h2 class="battle-history">Turn 54</h2><div class="spacer battle-history"><br></div><div class="battle-history">The opposing Mesflame used <strong>Roost</strong>!<br></div><div class="battle-history"><small>The opposing Mesflame had its HP restored.</small><br></div><div class="spacer battle-history"><br></div><div class="battle-history">Birbsmart used <strong>Fire Blast</strong>!<br></div><div class="battle-history"><small>It's not very effective...</small><br></div><div class="battle-history"><small>(The opposing Mesflame lost 21% of its health!)</small><br></div><div class="spacer battle-history"><br></div><h2 class="battle-history">Turn 55</h2><div class="spacer battle-history"><br></div><div class="battle-history">Birbsmart, come back!<br></div><div class="battle-history">Go! Sableye 2 (<strong>Absable-Mega-Y</strong>)!<br></div><div class="spacer battle-history"><br></div><div class="battle-history">The opposing Mesflame used <strong>Roost</strong>!<br></div><div class="battle-history"><small>The opposing Mesflame had its HP restored.</small><br></div><div class="spacer battle-history"><br></div><h2 class="battle-history">Turn 56</h2><div class="spacer battle-history"><br></div><div class="battle-history">The opposing Mesflame used <strong>Roost</strong>!<br></div><div class="battle-history"><small>The opposing Mesflame's HP is full!</small><br></div><div class="spacer battle-history"><br></div><div class="battle-history">Sableye 2 used <strong>Recover</strong>!<br></div><div class="battle-history"><small>Sableye 2 had its HP restored.</small><br></div><div class="spacer battle-history"><br></div><h2 class="battle-history">Turn 57</h2><div class="spacer battle-history"><br></div><div class="battle-history">Analysis geek withdrew Mesflame!<br></div><div class="battle-history">Analysis geek sent out <strong>Thornbro-Galar</strong>!<br></div><div class="spacer battle-history"><br></div><div class="battle-history">Sableye 2 used <strong>Foul Play</strong>!<br></div><div class="battle-history"><small>A critical hit!</small><br></div><div class="battle-history"><small>(The opposing Thornbro-Galar lost 21% of its health!)</small><br></div><div class="spacer battle-history"><br></div><div class="battle-history"><small>The opposing Thornbro-Galar was hurt by its burn!</small><br></div><div class="spacer battle-history"><br></div><h2 class="battle-history">Turn 58</h2><div class="spacer battle-history"><br></div><div class="battle-history">Analysis geek withdrew Thornbro-Galar!<br></div><div class="battle-history">Analysis geek sent out <strong>Mesflame</strong>!<br></div><div class="spacer battle-history"><br></div><div class="battle-history">Sableye 2 used <strong>Foul Play</strong>!<br></div><div class="battle-history"><small>It's super effective!</small><br></div><div class="battle-history"><small>(The opposing Mesflame lost 58% of its health!)</small><br></div><div class="spacer battle-history"><br></div><h2 class="battle-history">Turn 59</h2><div class="spacer battle-history"><br></div><div class="battle-history">The opposing Mesflame used <strong>U-turn</strong>!<br></div><div class="battle-history"><small>(Sableye 2 lost 13% of its health!)</small><br></div><div class="spacer battle-history"><br></div><div class="battle-history">The opposing Mesflame went back to Analysis geek!<br></div><div class="battle-history">Analysis geek sent out <strong>Thornbro-Galar</strong>!<br></div><div class="spacer battle-history"><br></div><div class="battle-history">Sableye 2 used <strong>Foul Play</strong>!<br></div><div class="battle-history"><small>(The opposing Thornbro-Galar lost 14% of its health!)</small><br></div><div class="spacer battle-history"><br></div><div class="battle-history"><small>The opposing Thornbro-Galar was hurt by its burn!</small><br></div><div class="spacer battle-history"><br></div><h2 class="battle-history">Turn 60</h2><div class="spacer battle-history"><br></div><div class="battle-history">Sableye 2 used <strong>Foul Play</strong>!<br></div><div class="battle-history"><small>(The opposing Thornbro-Galar lost 16% of its health!)</small><br></div><div class="spacer battle-history"><br></div><div class="battle-history">The opposing Thornbro-Galar used <strong>Sludge Bomb</strong>!<br></div><div class="battle-history"><small>It's not very effective...</small><br></div><div class="battle-history"><small>(Sableye 2 lost 9% of its health!)</small><br></div><div class="battle-history"><small>Sableye 2 was poisoned!</small><br></div><div class="spacer battle-history"><br></div><div class="battle-history"><small>Sableye 2 was hurt by poison!</small><br></div><div class="battle-history"><small>The opposing Thornbro-Galar was hurt by its burn!</small><br></div><div class="spacer battle-history"><br></div><h2 class="battle-history">Turn 61</h2><div class="spacer battle-history"><br></div><div class="battle-history">Sableye 2, come back!<br></div><div class="battle-history">Go! Gliscor 2 (<strong>Glidol</strong>)!<br></div><div class="spacer battle-history"><br></div><div class="battle-history">The opposing Thornbro-Galar used <strong>Slack Off</strong>!<br></div><div class="battle-history"><small>The opposing Thornbro-Galar had its HP restored.</small><br></div><div class="spacer battle-history"><br></div><div class="battle-history"><small>The opposing Thornbro-Galar was hurt by its burn!</small><br></div><div class="spacer battle-history"><br></div><h2 class="battle-history">Turn 62</h2><div class="spacer battle-history"><br></div><div class="battle-history">Analysis geek withdrew Thornbro-Galar!<br></div><div class="battle-history">Analysis geek sent out <strong>Mesflame</strong>!<br></div><div class="spacer battle-history"><br></div><div class="battle-history">Gliscor 2 used <strong>U-turn</strong>!<br></div><div class="battle-history"><small>(The opposing Mesflame lost 15% of its health!)</small><br></div><div class="spacer battle-history"><br></div><div class="battle-history">Gliscor 2 went back to Bobsican!<br></div><div class="battle-history">Go! #Ban Weezking to F (<strong>Volquag</strong>)!<br></div><div class="spacer battle-history"><br></div><h2 class="battle-history">Turn 63</h2><div class="spacer battle-history"><br></div><div class="battle-history">Analysis geek withdrew Mesflame!<br></div><div class="battle-history">Analysis geek sent out <strong>Thornbro-Galar</strong>!<br></div><div class="battle-history">[The opposing Thornbro-Galar's Prophylaxis]<br></div><div class="spacer battle-history"><br></div><div class="battle-history">#Ban Weezking to F used <strong>Scald</strong>!<br></div><div class="battle-history"><small>It's not very effective...</small><br></div><div class="battle-history"><small>(The opposing Thornbro-Galar lost 12% of its health!)</small><br></div><div class="spacer battle-history"><br></div><div class="battle-history"><small>The opposing Thornbro-Galar was hurt by its burn!</small><br></div><div class="spacer battle-history"><br></div><h2 class="battle-history">Turn 64</h2><div class="chat chatmessage-bobsican"><strong style="color:#b30ed8"><small>☆</small><span class="username" data-name="Bobsican">Bobsican</span>:</strong> <em>PP stall it is</em></div><div class="spacer battle-history"><br></div><div class="battle-history">#Ban Weezking to F, come back!<br></div><div class="battle-history">Go! Gliscor 2 (<strong>Glidol</strong>)!<br></div><div class="spacer battle-history"><br></div><div class="battle-history">Analysis geek withdrew Thornbro-Galar!<br></div><div class="battle-history">Analysis geek sent out <strong>Pincurchitar</strong>!<br></div><div class="battle-history">[The opposing Pincurchitar's Erosion]<br><small>A sandstorm kicked up!</small><br></div><div class="spacer battle-history"><br></div><div class="battle-history"><small>(The sandstorm is raging.)</small><br></div><div class="battle-history"><small>The opposing Pincurchitar was hurt by poison!</small><br></div><div class="spacer battle-history"><br></div><h2 class="battle-history">Turn 65</h2><div class="spacer battle-history"><br></div><div class="battle-history">Analysis geek withdrew Pincurchitar!<br></div><div class="battle-history">Analysis geek sent out <strong>Thornbro-Galar</strong>!<br></div><div class="spacer battle-history"><br></div><div class="battle-history">Gliscor 2 used <strong>Earthquake</strong>!<br></div><div class="battle-history"><small>(The opposing Thornbro-Galar lost 18% of its health!)</small><br></div><div class="spacer battle-history"><br></div><div class="battle-history"><small>(The sandstorm is raging.)</small><br></div><div class="battle-history"><small>The opposing Thornbro-Galar is buffeted by the sandstorm!</small><br></div><div class="battle-history"><small>The opposing Thornbro-Galar was hurt by its burn!</small><br></div><div class="spacer battle-history"><br></div><h2 class="battle-history">Turn 66</h2><div class="chat message-error">Battle timer is ON: inactive players will automatically lose when time's up. (requested by Bobsican)</div><div class="spacer battle-history"><br></div><div class="battle-history">Gliscor 2 used <strong>Rapid Spin</strong>!<br></div><div class="battle-history"><small>(The opposing Thornbro-Galar lost 6% of its health!)</small><br></div><div class="battle-history"><small>Gliscor 2's Speed rose!</small><br></div><div class="spacer battle-history"><br></div><div class="battle-history">The opposing Thornbro-Galar used <strong>Slack Off</strong>!<br></div><div class="battle-history"><small>The opposing Thornbro-Galar had its HP restored.</small><br></div><div class="spacer battle-history"><br></div><div class="battle-history"><small>(The sandstorm is raging.)</small><br></div><div class="battle-history"><small>The opposing Thornbro-Galar is buffeted by the sandstorm!</small><br></div><div class="battle-history"><small>The opposing Thornbro-Galar was hurt by its burn!</small><br></div><div class="spacer battle-history"><br></div><h2 class="battle-history">Turn 67</h2><div class="spacer battle-history"><br></div><div class="battle-history">Gliscor 2 used <strong>Rapid Spin</strong>!<br></div><div class="battle-history"><small>(The opposing Thornbro-Galar lost 6% of its health!)</small><br></div><div class="battle-history"><small>Gliscor 2's Speed rose!</small><br></div><div class="spacer battle-history"><br></div><div class="battle-history">The opposing Thornbro-Galar used <strong>Body Press</strong>!<br></div><div class="battle-history"><small>It's not very effective...</small><br></div><div class="battle-history"><small>(Gliscor 2 lost 5% of its health!)</small><br></div><div class="spacer battle-history"><br></div><div class="battle-history"><small>(The sandstorm is raging.)</small><br></div><div class="battle-history"><small>The opposing Thornbro-Galar is buffeted by the sandstorm!</small><br></div><div class="battle-history">[Gliscor 2's Feel No Pain]<br><small>Gliscor 2 had its HP restored.</small><br></div><div class="battle-history"><small>The opposing Thornbro-Galar was hurt by its burn!</small><br></div><div class="spacer battle-history"><br></div><h2 class="battle-history">Turn 68</h2><div class="spacer battle-history"><br></div><div class="battle-history">Gliscor 2 used <strong>Rapid Spin</strong>!<br></div><div class="battle-history"><small>(The opposing Thornbro-Galar lost 6% of its health!)</small><br></div><div class="battle-history"><small>Gliscor 2's Speed rose!</small><br></div><div class="spacer battle-history"><br></div><div class="battle-history">The opposing Thornbro-Galar used <strong>Body Press</strong>!<br></div><div class="battle-history"><small>It's not very effective...</small><br></div><div class="battle-history"><small>(Gliscor 2 lost 5% of its health!)</small><br></div><div class="spacer battle-history"><br></div><div class="battle-history"><small>The sandstorm subsided.</small><br></div><div class="battle-history">[Gliscor 2's Feel No Pain]<br><small>Gliscor 2 had its HP restored.</small><br></div><div class="battle-history"><small>The opposing Thornbro-Galar was hurt by its burn!</small><br></div><div class="spacer battle-history"><br></div><h2 class="battle-history">Turn 69</h2><div class="spacer battle-history"><br></div><div class="battle-history">Gliscor 2 used <strong>Earthquake</strong>!<br></div><div class="battle-history"><small>(The opposing Thornbro-Galar lost 19% of its health!)</small><br></div><div class="spacer battle-history"><br></div><div class="battle-history">The opposing Thornbro-Galar used <strong>Slack Off</strong>!<br></div><div class="battle-history"><small>The opposing Thornbro-Galar had its HP restored.</small><br></div><div class="spacer battle-history"><br></div><div class="battle-history"><small>The opposing Thornbro-Galar was hurt by its burn!</small><br></div><div class="spacer battle-history"><br></div><h2 class="battle-history">Turn 70</h2><div class="chat"><small>+Paul(Paulluxx) joined</small></div><div class="spacer battle-history"><br></div><div class="battle-history">Gliscor 2 used <strong>U-turn</strong>!<br></div><div class="battle-history"><small>(The opposing Thornbro-Galar lost 9% of its health!)</small><br></div><div class="spacer battle-history"><br></div><div class="battle-history">Gliscor 2 went back to Bobsican!<br></div><div class="battle-history">Go! Birbsmart (<strong>Mesflame</strong>)!<br></div><div class="spacer battle-history"><br></div><div class="battle-history">The opposing Thornbro-Galar used <strong>Body Press</strong>!<br></div><div class="battle-history"><small>It's not very effective...</small><br></div><div class="battle-history"><small>(Birbsmart lost 5% of its health!)</small><br></div><div class="spacer battle-history"><br></div><div class="battle-history"><small>The opposing Thornbro-Galar was hurt by its burn!</small><br></div><div class="spacer battle-history"><br></div><h2 class="battle-history">Turn 71</h2><div class="spacer battle-history"><br></div><div class="battle-history">Analysis geek withdrew Thornbro-Galar!<br></div><div class="battle-history">Analysis geek sent out <strong>Noze-Dawn-Wings</strong>!<br></div><div class="spacer battle-history"><br></div><div class="battle-history">Birbsmart used <strong>Psychic</strong>!<br></div><div class="battle-history"><small>It's not very effective...</small><br></div><div class="battle-history"><small>(The opposing Noze-Dawn-Wings lost 15% of its health!)</small><br></div><div class="spacer battle-history"><br></div><h2 class="battle-history">Turn 72</h2><div class="spacer battle-history"><br></div><div class="battle-history">Birbsmart, come back!<br></div><div class="battle-history">Go! Gliscor 2 (<strong>Glidol</strong>)!<br></div><div class="spacer battle-history"><br></div><div class="battle-history">The opposing Noze-Dawn-Wings used <strong>Photon Geyser</strong>!<br></div><div class="battle-history"><small>(Gliscor 2 lost 67% of its health!)</small><br></div><div class="spacer battle-history"><br></div><div class="battle-history">[Gliscor 2's Feel No Pain]<br><small>Gliscor 2 had its HP restored.</small><br></div><div class="spacer battle-history"><br></div><h2 class="battle-history">Turn 73</h2><div class="spacer battle-history"><br></div><div class="battle-history">Gliscor 2 used <strong>U-turn</strong>!<br></div><div class="battle-history"><small>It's super effective!</small><br></div><div class="battle-history"><small>(The opposing Noze-Dawn-Wings lost 20% of its health!)</small><br></div><div class="spacer battle-history"><br></div><div class="battle-history">Gliscor 2 went back to Bobsican!<br></div><div class="battle-history">Go! Sableye 2 (<strong>Absable-Mega-Y</strong>)!<br></div><div class="spacer battle-history"><br></div><div class="battle-history">The opposing Noze-Dawn-Wings used <strong>Photon Geyser</strong>!<br></div><div class="battle-history"><small>It doesn't affect Sableye 2...</small><br></div><div class="spacer battle-history"><br></div><div class="battle-history"><small>Sableye 2 was hurt by poison!</small><br></div><div class="spacer battle-history"><br></div><h2 class="battle-history">Turn 74</h2><div class="spacer battle-history"><br></div><div class="battle-history">Analysis geek withdrew Noze-Dawn-Wings!<br></div><div class="battle-history">Analysis geek sent out <strong>Thornbro-Galar</strong>!<br></div><div class="spacer battle-history"><br></div><div class="battle-history">Sableye 2 used <strong>Recover</strong>!<br></div><div class="battle-history"><small>Sableye 2 had its HP restored.</small><br></div><div class="spacer battle-history"><br></div><div class="battle-history"><small>Sableye 2 was hurt by poison!</small><br></div><div class="battle-history"><small>The opposing Thornbro-Galar was hurt by its burn!</small><br></div><div class="spacer battle-history"><br></div><h2 class="battle-history">Turn 75</h2><div class="spacer battle-history"><br></div><div class="battle-history">Sableye 2, come back!<br></div><div class="battle-history">Go! Gliscor 2 (<strong>Glidol</strong>)!<br></div><div class="spacer battle-history"><br></div><div class="battle-history">Analysis geek withdrew Thornbro-Galar!<br></div><div class="battle-history">Analysis geek sent out <strong>Pincurchitar</strong>!<br></div><div class="battle-history">[The opposing Pincurchitar's Erosion]<br><small>A sandstorm kicked up!</small><br></div><div class="spacer battle-history"><br></div><div class="battle-history"><small>(The sandstorm is raging.)</small><br></div><div class="battle-history">[Gliscor 2's Feel No Pain]<br><small>Gliscor 2 had its HP restored.</small><br></div><div class="battle-history"><small>The opposing Pincurchitar was hurt by poison!</small><br></div><div class="spacer battle-history"><br></div><h2 class="battle-history">Turn 76</h2><div class="spacer battle-history"><br></div><div class="battle-history">Gliscor 2 used <strong>Roost</strong>!<br></div><div class="battle-history"><small>Gliscor 2 had its HP restored.</small><br></div><div class="battle-history"><small>(Gliscor 2 loses Flying type this turn.)</small><br></div><div class="spacer battle-history"><br></div><div class="battle-history">The opposing Pincurchitar used <strong>Recover</strong>!<br></div><div class="battle-history"><small>The opposing Pincurchitar had its HP restored.</small><br></div><div class="spacer battle-history"><br></div><div class="battle-history"><small>(The sandstorm is raging.)</small><br></div><div class="battle-history"><small>The opposing Pincurchitar was hurt by poison!</small><br></div><div class="spacer battle-history"><br></div><h2 class="battle-history">Turn 77</h2><div class="spacer battle-history"><br></div><div class="battle-history">Analysis geek withdrew Pincurchitar!<br></div><div class="battle-history">Analysis geek sent out <strong>Thornbro-Galar</strong>!<br></div><div class="spacer battle-history"><br></div><div class="battle-history">Gliscor 2 used <strong>U-turn</strong>!<br></div><div class="battle-history"><small>A critical hit!</small><br></div><div class="battle-history"><small>(The opposing Thornbro-Galar lost 13% of its health!)</small><br></div><div class="spacer battle-history"><br></div><div class="battle-history">Gliscor 2 went back to Bobsican!<br></div><div class="battle-history">Go! Birbsmart (<strong>Mesflame</strong>)!<br></div><div class="spacer battle-history"><br></div><div class="battle-history"><small>(The sandstorm is raging.)</small><br></div><div class="battle-history"><small>Birbsmart is buffeted by the sandstorm!</small><br></div><div class="battle-history"><small>The opposing Thornbro-Galar is buffeted by the sandstorm!</small><br></div><div class="battle-history"><small>The opposing Thornbro-Galar was hurt by its burn!</small><br></div><div class="spacer battle-history"><br></div><h2 class="battle-history">Turn 78</h2><div class="spacer battle-history"><br></div><div class="battle-history">Analysis geek withdrew Thornbro-Galar!<br></div><div class="battle-history">Analysis geek sent out <strong>Pincurchitar</strong>!<br></div><div class="spacer battle-history"><br></div><div class="battle-history">Birbsmart used <strong>Psychic</strong>!<br></div><div class="battle-history"><small>(The opposing Pincurchitar lost 13% of its health!)</small><br></div><div class="spacer battle-history"><br></div><div class="battle-history"><small>(The sandstorm is raging.)</small><br></div><div class="battle-history"><small>Birbsmart is buffeted by the sandstorm!</small><br></div><div class="battle-history"><small>The opposing Pincurchitar was hurt by poison!</small><br></div><div class="spacer battle-history"><br></div><h2 class="battle-history">Turn 79</h2><div class="spacer battle-history"><br></div><div class="battle-history">Birbsmart, come back!<br></div><div class="battle-history">Go! Gliscor 2 (<strong>Glidol</strong>)!<br></div><div class="spacer battle-history"><br></div><div class="battle-history">The opposing Pincurchitar used <strong>Stealth Rock</strong>!<br></div><div class="battle-history"><small>Pointed stones float in the air around your team!</small><br></div><div class="spacer battle-history"><br></div><div class="battle-history"><small>The sandstorm subsided.</small><br></div><div class="battle-history"><small>The opposing Pincurchitar was hurt by poison!</small><br></div><div class="spacer battle-history"><br></div><h2 class="battle-history">Turn 80</h2><div class="spacer battle-history"><br></div><div class="battle-history">Analysis geek withdrew Pincurchitar!<br></div><div class="battle-history">Analysis geek sent out <strong>Thornbro-Galar</strong>!<br></div><div class="spacer battle-history"><br></div><div class="battle-history">Gliscor 2 used <strong>Rapid Spin</strong>!<br></div><div class="battle-history"><small>(The opposing Thornbro-Galar lost 5% of its health!)</small><br></div><div class="battle-history"><small>Gliscor 2's Speed rose!</small><br></div><div class="battle-history"><small>The pointed stones disappeared from around your team!</small><br></div><div class="spacer battle-history"><br></div><div class="battle-history"><small>The opposing Thornbro-Galar was hurt by its burn!</small><br></div><div class="spacer battle-history"><br></div><h2 class="battle-history">Turn 81</h2><div class="spacer battle-history"><br></div><div class="battle-history">Analysis geek withdrew Thornbro-Galar!<br></div><div class="battle-history">Analysis geek sent out <strong>Mesflame</strong>!<br></div><div class="spacer battle-history"><br></div><div class="battle-history">Gliscor 2 used <strong>Rapid Spin</strong>!<br></div><div class="battle-history"><small>(The opposing Mesflame lost 13% of its health!)</small><br></div><div class="battle-history"><small>Gliscor 2's Speed rose!</small><br></div><div class="spacer battle-history"><br></div><h2 class="battle-history">Turn 82</h2><div class="spacer battle-history"><br></div><div class="battle-history">Gliscor 2 used <strong>U-turn</strong>!<br></div><div class="battle-history"><small>(The opposing Mesflame lost 14% of its health!)</small><br></div><div class="spacer battle-history"><br></div><div class="battle-history">The opposing Mesflame fainted!<br></div><div class="spacer battle-history"><br></div><div class="battle-history">Gliscor 2 went back to Bobsican!<br></div><div class="battle-history">Go! Birbsmart (<strong>Mesflame</strong>)!<br></div><div class="spacer battle-history"><br></div><div class="battle-history">Analysis geek sent out <strong>Pincurchitar</strong>!<br></div><div class="battle-history">[The opposing Pincurchitar's Erosion]<br><small>A sandstorm kicked up!</small><br></div><div class="spacer battle-history"><br></div><h2 class="battle-history">Turn 83</h2><div class="spacer battle-history"><br></div><div class="battle-history">Birbsmart, come back!<br></div><div class="battle-history">Go! Gliscor 2 (<strong>Glidol</strong>)!<br></div><div class="spacer battle-history"><br></div><div class="battle-history">The opposing Pincurchitar used <strong>Recover</strong>!<br></div><div class="battle-history"><small>The opposing Pincurchitar had its HP restored.</small><br></div><div class="spacer battle-history"><br></div><div class="battle-history"><small>(The sandstorm is raging.)</small><br></div><div class="battle-history"><small>The opposing Pincurchitar was hurt by poison!</small><br></div><div class="spacer battle-history"><br></div><h2 class="battle-history">Turn 84</h2><div class="chat chatmessage-analysisgeek"><strong style="color:#3e7fb9"><small>☆</small><span class="username" data-name="Analysis geek">Analysis geek</span>:</strong> <em>well no point in drawing this out wp</em></div><div class="chat message-error">Analysis geek has 270 seconds left.</div><div class="chat chatmessage-analysisgeek"><strong style="color:#3e7fb9"><small>☆</small><span class="username" data-name="Analysis geek">Analysis geek</span>:</strong> <em>gg</em></div><div class="chat chatmessage-bobsican"><strong style="color:#b30ed8"><small>☆</small><span class="username" data-name="Bobsican">Bobsican</span>:</strong> <em>gg</em></div><div class="spacer battle-history"><br></div><div class="battle-history"><small>Analysis geek forfeited.</small><br></div><div class="spacer battle-history"><br></div><div class="battle-history"><strong>Bobsican</strong> won the battle!<br></div><div class="chat chatmessage-paulpaulluxx"><strong style="color:#17849a"><small>+</small><span class="username" data-name="Paul(Paulluxx)">Paul(Paulluxx)</span>:</strong> <em>goatsican</em></div><div class="chat chatmessage-zxgzxg"><strong style="color:#8f19ef"><small>+</small><span class="username" data-name="zxgzxg">zxgzxg</span>:</strong> <em>analysis does you noze not have gem</em></div><div class="chat"><small>+ZCopen left</small></div><div class="chat chatmessage-analysisgeek"><strong style="color:#3e7fb9"><small>☆</small><span class="username" data-name="Analysis geek">Analysis geek</span>:</strong> <em>yeah it doesnt </em></div><div class="chat chatmessage-zxgzxg"><strong style="color:#8f19ef"><small>+</small><span class="username" data-name="zxgzxg">zxgzxg</span>:</strong> <em>damn</em></div><div class="chat chatmessage-zxgzxg"><strong style="color:#8f19ef"><small>+</small><span class="username" data-name="zxgzxg">zxgzxg</span>:</strong> <em>couldve been super good at this point</em></div><div class="chat chatmessage-bobsican"><strong style="color:#b30ed8"><small>☆</small><span class="username" data-name="Bobsican">Bobsican</span>:</strong> <em>Trick Mesflame wasn't originally planned, but then I thought it'd be a good idea to have a "fuck x mon" option at last minute</em></div></div><div class="inner-preempt message-log"></div></div></div>
</div>
<script>
let daily = Math.floor(Date.now()/1000/60/60/24);document.write('<script src="http://petmodsdh.com/js/replay-embed.js?version'+daily+'"></'+'script>');
</script>
