<!DOCTYPE html>
<meta charset="utf-8" />
<!-- version 1 -->
<title>[Gen 8] Restrictions replay: scoopapa vs. jmssalltheway</title>
<style>
html,body {font-family:Verdana, sans-serif;font-size:10pt;margin:0;padding:0;}body{padding:12px 0;} .battle-log {font-family:Verdana, sans-serif;font-size:10pt;} .battle-log-inline {border:1px solid #AAAAAA;background:#EEF2F5;color:black;max-width:640px;margin:0 auto 80px;padding-bottom:5px;} .battle-log .inner {padding:4px 8px 0px 8px;} .battle-log .inner-preempt {padding:0 8px 4px 8px;} .battle-log .inner-after {margin-top:0.5em;} .battle-log h2 {margin:0.5em -8px;padding:4px 8px;border:1px solid #AAAAAA;background:#E0E7EA;border-left:0;border-right:0;font-family:Verdana, sans-serif;font-size:13pt;} .battle-log .chat {vertical-align:middle;padding:3px 0 3px 0;font-size:8pt;} .battle-log .chat strong {color:#40576A;} .battle-log .chat em {padding:1px 4px 1px 3px;color:#000000;font-style:normal;} .chat.mine {background:rgba(0,0,0,0.05);margin-left:-8px;margin-right:-8px;padding-left:8px;padding-right:8px;} .spoiler {color:#BBBBBB;background:#BBBBBB;padding:0px 3px;} .spoiler:hover, .spoiler:active, .spoiler-shown {color:#000000;background:#E2E2E2;padding:0px 3px;} .spoiler a {color:#BBBBBB;} .spoiler:hover a, .spoiler:active a, .spoiler-shown a {color:#2288CC;} .chat code, .chat .spoiler:hover code, .chat .spoiler:active code, .chat .spoiler-shown code {border:1px solid #C0C0C0;background:#EEEEEE;color:black;padding:0 2px;} .chat .spoiler code {border:1px solid #CCCCCC;background:#CCCCCC;color:#CCCCCC;} .battle-log .rated {padding:3px 4px;} .battle-log .rated strong {color:white;background:#89A;padding:1px 4px;border-radius:4px;} .spacer {margin-top:0.5em;} .message-announce {background:#6688AA;color:white;padding:1px 4px 2px;} .message-announce a, .broadcast-green a, .broadcast-blue a, .broadcast-red a {color:#DDEEFF;} .broadcast-green {background-color:#559955;color:white;padding:2px 4px;} .broadcast-blue {background-color:#6688AA;color:white;padding:2px 4px;} .infobox {border:1px solid #6688AA;padding:2px 4px;} .infobox-limited {max-height:200px;overflow:auto;overflow-x:hidden;} .broadcast-red {background-color:#AA5544;color:white;padding:2px 4px;} .message-learn-canlearn {font-weight:bold;color:#228822;text-decoration:underline;} .message-learn-cannotlearn {font-weight:bold;color:#CC2222;text-decoration:underline;} .message-effect-weak {font-weight:bold;color:#CC2222;} .message-effect-resist {font-weight:bold;color:#6688AA;} .message-effect-immune {font-weight:bold;color:#666666;} .message-learn-list {margin-top:0;margin-bottom:0;} .message-throttle-notice, .message-error {color:#992222;} .message-overflow, .chat small.message-overflow {font-size:0pt;} .message-overflow::before {font-size:9pt;content:'...';} .subtle {color:#3A4A66;}
</style>
<div class="wrapper replay-wrapper" style="max-width:1180px;margin:0 auto">
<input type="hidden" name="replayid" value="dragonheaven-gen8restrictions-78" />
<div class="battle"></div><div class="battle-log"></div><div class="replay-controls"></div><div class="replay-controls-2"></div>
<h1 style="font-weight:normal;text-align:center"><strong>[Gen 8] Restrictions</strong><br /><a href="http://pokemonshowdown.com/users/scoopapa" class="subtle" target="_blank">scoopapa</a> vs. <a href="http://pokemonshowdown.com/users/jmssalltheway" class="subtle" target="_blank">jmssalltheway</a></h1>
<script type="text/plain" class="battle-log-data">|j|☆scoopapa

|j|☆jmssalltheway
|t:|1652586065
|player|p1|scoopapa|veteran|
|player|p2|jmssalltheway|101|
|teamsize|p1|6
|teamsize|p2|6
|gametype|singles
|gen|8
|tier|[Gen 8] Restrictions
|clearpoke
|poke|p1|Teslaple, F|
|poke|p1|Polbearab, F|
|poke|p1|Fluidrake, M|
|poke|p1|Orchile, F|
|poke|p1|Thuco-Tuco, M|
|poke|p1|Cellsius, F|
|poke|p2|Draugelid, M|
|poke|p2|Crystelf, M|
|poke|p2|Fluidrake, M|
|poke|p2|Thuco-Tuco, F|
|poke|p2|Orchile, M|
|poke|p2|Sorree, M|
|rule|Sleep Clause Mod: Limit one foe put to sleep
|rule|Species Clause: Limit one of each Pokémon
|rule|OHKO Clause: OHKO moves are banned
|rule|Evasion Moves Clause: Evasion moves are banned
|rule|Endless Battle Clause: Forcing endless battles is banned
|rule|HP Percentage Mod: HP is shown in percentages
|rule|Dynamax Clause: You cannot dynamax
|teampreview
|j|+KeroseneZanchu
|c|+KeroseneZanchu|LETS GOOOOOOOO
|j|+zxgzxg
|j| XxSevagxX
|c| XxSevagxX|da bos, lets go
|c|+zxgzxg|so you can play at 9 and i had to play you at midnight???????
|c|☆jmssalltheway|todays the weekend
|j|+earlio2
|c|+earlio2|another 
|c|+zxgzxg|jk gl to all
|c|+earlio2|i can’t take this 
|
|t:|1652586152
|start
|switch|p1a: Cellsius|Cellsius, F|259\/259
|switch|p2a: Sorree|Sorree, M|100\/100
|-ability|p2a: Sorree|Unnerve|p1: scoopapa
|-start|p2a: Sorree|typechange|Dark|[silent]
|raw|<ul class="utilichart"><li class="result"><span class="col pokemonnamecol" style="white-space: nowrap">Sorree<\/span> <span class="col typecol"><img src="https:\/\/dragonheaven.herokuapp.com\/sprites\/types\/Dark.png" alt="Dark" height="14" width="32"><\/span> <span style="float: left ; min-height: 26px"><span class="col abilitycol">Unnerve<\/span><span class="col abilitycol"><\/span><\/span><\/li><li style="clear: both"><\/li><\/ul>
|raw|<ul class="utilichart"><li class="result"><span style="float: left ; min-height: 26px"><span class="col statcol"><em>HP<\/em><br>100<\/span> <span class="col statcol"><em>Atk<\/em><br>128<\/span> <span class="col statcol"><em>Def<\/em><br>90<\/span> <span class="col statcol"><em>SpA<\/em><br>77<\/span> <span class="col statcol"><em>SpD<\/em><br>77<\/span> <span class="col statcol"><em>Spe<\/em><br>128<\/span> <\/span><\/li><li style="clear: both"><\/li><\/ul>
|-start|p1a: Cellsius|typechange|Water\/Fairy|[silent]
|raw|<ul class="utilichart"><li class="result"><span class="col pokemonnamecol" style="white-space: nowrap">Cellsius<\/span> <span class="col typecol"><img src="https:\/\/dragonheaven.herokuapp.com\/sprites\/types\/Water.png" alt="Water" height="14" width="32"><img src="https:\/\/dragonheaven.herokuapp.com\/sprites\/types\/Fairy.png" alt="Fairy" height="14" width="32"><\/span> <span style="float: left ; min-height: 26px"><span class="col abilitycol">Beast Boost<\/span><span class="col abilitycol"><\/span><\/span><\/li><li style="clear: both"><\/li><\/ul>
|raw|<ul class="utilichart"><li class="result"><span style="float: left ; min-height: 26px"><span class="col statcol"><em>HP<\/em><br>59<\/span> <span class="col statcol"><em>Atk<\/em><br>103<\/span> <span class="col statcol"><em>Def<\/em><br>83<\/span> <span class="col statcol"><em>SpA<\/em><br>127<\/span> <span class="col statcol"><em>SpD<\/em><br>97<\/span> <span class="col statcol"><em>Spe<\/em><br>101<\/span> <\/span><\/li><li style="clear: both"><\/li><\/ul>
|turn|1
|c|+earlio2|such pressure 
|j|+Bobsican
|c|+earlio2|please win scoop.
|c|+zxgzxg|yo
|
|t:|1652586165
|move|p2a: Sorree|U-turn|p1a: Cellsius
|-resisted|p1a: Cellsius
|-crit|p1a: Cellsius
|-damage|p1a: Cellsius|185\/259
|c|+zxgzxg|scoops got the 
|c|+zxgzxg|POLBEARAB GAMING
|c| XxSevagxX|god i feel unnerve
|j|+ZOOMERCIDE
|j|~piikiki4
|c|+earlio2|as a manager it all goes to me 
|
|t:|1652586206
|switch|p2a: Fluidrake|Fluidrake, M|100\/100|[from]move: U-turn
|-start|p2a: Fluidrake|typechange|Water\/Steel|[silent]
|raw|<ul class="utilichart"><li class="result"><span class="col pokemonnamecol" style="white-space: nowrap">Fluidrake<\/span> <span class="col typecol"><img src="https:\/\/dragonheaven.herokuapp.com\/sprites\/types\/Water.png" alt="Water" height="14" width="32"><img src="https:\/\/dragonheaven.herokuapp.com\/sprites\/types\/Steel.png" alt="Steel" height="14" width="32"><\/span> <span style="float: left ; min-height: 26px"><span class="col abilitycol">Poison Touch \/ Sheer Force<\/span><span class="col abilitycol"><\/span><\/span><\/li><li style="clear: both"><\/li><\/ul>
|raw|<ul class="utilichart"><li class="result"><span style="float: left ; min-height: 26px"><span class="col statcol"><em>HP<\/em><br>105<\/span> <span class="col statcol"><em>Atk<\/em><br>70<\/span> <span class="col statcol"><em>Def<\/em><br>100<\/span> <span class="col statcol"><em>SpA<\/em><br>75<\/span> <span class="col statcol"><em>SpD<\/em><br>95<\/span> <span class="col statcol"><em>Spe<\/em><br>80<\/span> <\/span><\/li><li style="clear: both"><\/li><\/ul>
|move|p1a: Cellsius|Moonblast|p2a: Fluidrake
|-resisted|p2a: Fluidrake
|-damage|p2a: Fluidrake|72\/100
|
|-heal|p2a: Fluidrake|78\/100|[from] item: Leftovers
|upkeep
|turn|2
|c|+earlio2|what a game!
|
|t:|1652586230
|switch|p1a: Fluidrake|Fluidrake, M|414\/414
|-start|p1a: Fluidrake|typechange|Water\/Steel|[silent]
|raw|<ul class="utilichart"><li class="result"><span class="col pokemonnamecol" style="white-space: nowrap">Fluidrake<\/span> <span class="col typecol"><img src="https:\/\/dragonheaven.herokuapp.com\/sprites\/types\/Water.png" alt="Water" height="14" width="32"><img src="https:\/\/dragonheaven.herokuapp.com\/sprites\/types\/Steel.png" alt="Steel" height="14" width="32"><\/span> <span style="float: left ; min-height: 26px"><span class="col abilitycol">Poison Touch \/ Sheer Force<\/span><span class="col abilitycol"><\/span><\/span><\/li><li style="clear: both"><\/li><\/ul>
|raw|<ul class="utilichart"><li class="result"><span style="float: left ; min-height: 26px"><span class="col statcol"><em>HP<\/em><br>105<\/span> <span class="col statcol"><em>Atk<\/em><br>70<\/span> <span class="col statcol"><em>Def<\/em><br>100<\/span> <span class="col statcol"><em>SpA<\/em><br>75<\/span> <span class="col statcol"><em>SpD<\/em><br>95<\/span> <span class="col statcol"><em>Spe<\/em><br>80<\/span> <\/span><\/li><li style="clear: both"><\/li><\/ul>
|move|p2a: Fluidrake|Knock Off|p1a: Fluidrake
|-damage|p1a: Fluidrake|337\/414
|-enditem|p1a: Fluidrake|Leftovers|[from] move: Knock Off|[of] p2a: Fluidrake
|
|-heal|p2a: Fluidrake|84\/100|[from] item: Leftovers
|upkeep
|turn|3
|c|+KeroseneZanchu|value
|j|+Tapler ❀
|
|t:|1652586261
|move|p2a: Fluidrake|Spikes|p1a: Fluidrake
|-sidestart|p1: scoopapa|Spikes
|move|p1a: Fluidrake|Spikes|p2a: Fluidrake
|-sidestart|p2: jmssalltheway|Spikes
|
|-heal|p2a: Fluidrake|90\/100|[from] item: Leftovers
|upkeep
|turn|4
|
|t:|1652586267
|move|p2a: Fluidrake|Spikes|p1a: Fluidrake
|-sidestart|p1: scoopapa|Spikes
|move|p1a: Fluidrake|Knock Off|p2a: Fluidrake
|-damage|p2a: Fluidrake|75\/100
|-enditem|p2a: Fluidrake|Leftovers|[from] move: Knock Off|[of] p1a: Fluidrake
|
|upkeep
|turn|5
|c|+Tapler ❀|let's gooo scoop
|
|t:|1652586289
|move|p2a: Fluidrake|Spikes|p1a: Fluidrake
|-sidestart|p1: scoopapa|Spikes
|move|p1a: Fluidrake|Scald|p2a: Fluidrake
|-resisted|p2a: Fluidrake
|-damage|p2a: Fluidrake|65\/100
|
|upkeep
|turn|6
|
|t:|1652586312
|move|p2a: Fluidrake|U-turn|p1a: Fluidrake
|-resisted|p1a: Fluidrake
|-damage|p1a: Fluidrake|311\/414
|c|+earlio2|scoop w
|c|+KeroseneZanchu|this is going to be such a wild ride i have no idea what anything does
|
|t:|1652586324
|switch|p2a: Orchile|Orchile, M|100\/100|[from]move: U-turn
|-start|p2a: Orchile|typechange|Grass\/Poison|[silent]
|raw|<ul class="utilichart"><li class="result"><span class="col pokemonnamecol" style="white-space: nowrap">Orchile<\/span> <span class="col typecol"><img src="https:\/\/dragonheaven.herokuapp.com\/sprites\/types\/Grass.png" alt="Grass" height="14" width="32"><img src="https:\/\/dragonheaven.herokuapp.com\/sprites\/types\/Poison.png" alt="Poison" height="14" width="32"><\/span> <span style="float: left ; min-height: 26px"><span class="col abilitycol">Sweet Veil \/ Aroma Veil<\/span><span class="col abilitycol"><\/span><\/span><\/li><li style="clear: both"><\/li><\/ul>
|raw|<ul class="utilichart"><li class="result"><span style="float: left ; min-height: 26px"><span class="col statcol"><em>HP<\/em><br>65<\/span> <span class="col statcol"><em>Atk<\/em><br>60<\/span> <span class="col statcol"><em>Def<\/em><br>75<\/span> <span class="col statcol"><em>SpA<\/em><br>110<\/span> <span class="col statcol"><em>SpD<\/em><br>121<\/span> <span class="col statcol"><em>Spe<\/em><br>64<\/span> <\/span><\/li><li style="clear: both"><\/li><\/ul>
|-damage|p2a: Orchile|88\/100|[from] Spikes
|move|p1a: Fluidrake|U-turn|p2a: Orchile
|-damage|p2a: Orchile|72\/100
|c|+KeroseneZanchu|oh that's a neat sprite
|c|+earlio2|momentum.????
|
|t:|1652586336
|switch|p1a: Polbearab|Polbearab, F|331\/331
|-damage|p1a: Polbearab|249\/331|[from] Spikes
|-start|p1a: Polbearab|typechange|Ice\/Fighting|[silent]
|raw|<ul class="utilichart"><li class="result"><span class="col pokemonnamecol" style="white-space: nowrap">Polbearab<\/span> <span class="col typecol"><img src="https:\/\/dragonheaven.herokuapp.com\/sprites\/types\/Ice.png" alt="Ice" height="14" width="32"><img src="https:\/\/dragonheaven.herokuapp.com\/sprites\/types\/Fighting.png" alt="Fighting" height="14" width="32"><\/span> <span style="float: left ; min-height: 26px"><span class="col abilitycol">Poison Heal<\/span><span class="col abilitycol"><\/span><\/span><\/li><li style="clear: both"><\/li><\/ul>
|raw|<ul class="utilichart"><li class="result"><span style="float: left ; min-height: 26px"><span class="col statcol"><em>HP<\/em><br>95<\/span> <span class="col statcol"><em>Atk<\/em><br>98<\/span> <span class="col statcol"><em>Def<\/em><br>130<\/span> <span class="col statcol"><em>SpA<\/em><br>55<\/span> <span class="col statcol"><em>SpD<\/em><br>101<\/span> <span class="col statcol"><em>Spe<\/em><br>101<\/span> <\/span><\/li><li style="clear: both"><\/li><\/ul>
|
|-heal|p2a: Orchile|78\/100|[from] item: Leftovers
|-status|p1a: Polbearab|tox|[from] item: Toxic Orb
|upkeep
|turn|7
|c|+Tapler ❀|LOL yeah that's one hell of a perspective to be seeing this from
|j|+ZCopen
|c| XxSevagxX|3 spikes. ????
|
|t:|1652586361
|switch|p2a: Draugelid|Draugelid, M|100\/100
|-damage|p2a: Draugelid|88\/100|[from] Spikes
|-start|p2a: Draugelid|typechange|Ghost\/Ice|[silent]
|raw|<ul class="utilichart"><li class="result"><span class="col pokemonnamecol" style="white-space: nowrap">Draugelid<\/span> <span class="col typecol"><img src="https:\/\/dragonheaven.herokuapp.com\/sprites\/types\/Ghost.png" alt="Ghost" height="14" width="32"><img src="https:\/\/dragonheaven.herokuapp.com\/sprites\/types\/Ice.png" alt="Ice" height="14" width="32"><\/span> <span style="float: left ; min-height: 26px"><span class="col abilitycol">Adaptability \/ Slush Rush \/ Technician<\/span><span class="col abilitycol"><\/span><\/span><\/li><li style="clear: both"><\/li><\/ul>
|raw|<ul class="utilichart"><li class="result"><span style="float: left ; min-height: 26px"><span class="col statcol"><em>HP<\/em><br>75<\/span> <span class="col statcol"><em>Atk<\/em><br>90<\/span> <span class="col statcol"><em>Def<\/em><br>50<\/span> <span class="col statcol"><em>SpA<\/em><br>55<\/span> <span class="col statcol"><em>SpD<\/em><br>75<\/span> <span class="col statcol"><em>Spe<\/em><br>65<\/span> <\/span><\/li><li style="clear: both"><\/li><\/ul>
|move|p1a: Polbearab|Triple Axel|p2a: Draugelid|[miss]
|-miss|p1a: Polbearab|p2a: Draugelid
|
|-heal|p1a: Polbearab|290\/331 tox|[from] ability: Poison Heal
|upkeep
|turn|8
|c|+earlio2|FUCK
|c|+KeroseneZanchu|offensive poison heal is fun
|c|+zxgzxg|skull emoji
|c|+Tapler ❀|yoo the draug is in
|c|+ZCopen|jms should win this
|
|t:|1652586379
|move|p1a: Polbearab|Earthquake|p2a: Draugelid
|-damage|p2a: Draugelid|43\/100
|move|p2a: Draugelid|Swords Dance|p2a: Draugelid
|-boost|p2a: Draugelid|atk|2
|
|-heal|p1a: Polbearab|331\/331 tox|[from] ability: Poison Heal
|upkeep
|turn|9
|c|+ZCopen|even if they have an unviable name
|c|+earlio2|ooh
|j|+Deez Nuts Kong
|
|t:|1652586395
|move|p2a: Draugelid|Shadow Sneak|p1a: Polbearab
|-damage|p1a: Polbearab|158\/331 tox
|-damage|p2a: Draugelid|33\/100|[from] item: Life Orb
|move|p1a: Polbearab|Earthquake|p2a: Draugelid
|-damage|p2a: Draugelid|0 fnt
|faint|p2a: Draugelid
|
|-heal|p1a: Polbearab|199\/331 tox|[from] ability: Poison Heal
|upkeep
|
|t:|1652586400
|switch|p2a: Crystelf|Crystelf, M|100\/100
|-damage|p2a: Crystelf|88\/100|[from] Spikes
|-start|p2a: Crystelf|typechange|Rock\/Fairy|[silent]
|raw|<ul class="utilichart"><li class="result"><span class="col pokemonnamecol" style="white-space: nowrap">Crystelf<\/span> <span class="col typecol"><img src="https:\/\/dragonheaven.herokuapp.com\/sprites\/types\/Rock.png" alt="Rock" height="14" width="32"><img src="https:\/\/dragonheaven.herokuapp.com\/sprites\/types\/Fairy.png" alt="Fairy" height="14" width="32"><\/span> <span style="float: left ; min-height: 26px"><span class="col abilitycol">Trace \/ Sand Force \/ Sand Rush<\/span><span class="col abilitycol"><\/span><\/span><\/li><li style="clear: both"><\/li><\/ul>
|raw|<ul class="utilichart"><li class="result"><span style="float: left ; min-height: 26px"><span class="col statcol"><em>HP<\/em><br>50<\/span> <span class="col statcol"><em>Atk<\/em><br>95<\/span> <span class="col statcol"><em>Def<\/em><br>45<\/span> <span class="col statcol"><em>SpA<\/em><br>113<\/span> <span class="col statcol"><em>SpD<\/em><br>93<\/span> <span class="col statcol"><em>Spe<\/em><br>124<\/span> <\/span><\/li><li style="clear: both"><\/li><\/ul>
|-ability|p2a: Crystelf|Poison Heal|[from] ability: Trace|[of] p1a: Polbearab
|turn|10
|c|+earlio2|W
|c| XxSevagxX|draug out
|c|+KeroseneZanchu|bro I'm
|c|+zxgzxg|draug do be a mon
|c|+KeroseneZanchu|spamming \/dt like mad over here
|c|+KeroseneZanchu|lmao
|
|t:|1652586446
|switch|p1a: Teslaple|Teslaple, F|301\/301
|-start|p1a: Teslaple|typechange|Electric\/Grass|[silent]
|raw|<ul class="utilichart"><li class="result"><span class="col pokemonnamecol" style="white-space: nowrap">Teslaple<\/span> <span class="col typecol"><img src="https:\/\/dragonheaven.herokuapp.com\/sprites\/types\/Electric.png" alt="Electric" height="14" width="32"><img src="https:\/\/dragonheaven.herokuapp.com\/sprites\/types\/Grass.png" alt="Grass" height="14" width="32"><\/span> <span style="float: left ; min-height: 26px"><span class="col abilitycol">Grass Pelt \/ Flower Veil \/ Competitive<\/span><span class="col abilitycol"><\/span><\/span><\/li><li style="clear: both"><\/li><\/ul>
|raw|<ul class="utilichart"><li class="result"><span style="float: left ; min-height: 26px"><span class="col statcol"><em>HP<\/em><br>80<\/span> <span class="col statcol"><em>Atk<\/em><br>40<\/span> <span class="col statcol"><em>Def<\/em><br>120<\/span> <span class="col statcol"><em>SpA<\/em><br>120<\/span> <span class="col statcol"><em>SpD<\/em><br>40<\/span> <span class="col statcol"><em>Spe<\/em><br>120<\/span> <\/span><\/li><li style="clear: both"><\/li><\/ul>
|-damage|p1a: Teslaple|226\/301|[from] Spikes
|move|p2a: Crystelf|Earth Power|p1a: Teslaple
|-damage|p1a: Teslaple|0 fnt
|faint|p1a: Teslaple
|
|upkeep
|c|+KeroseneZanchu|these are cool mons
|c|+KeroseneZanchu|LETS GO
|c|+KeroseneZanchu|BIG DAMAGE
|c|+earlio2|no…
|c|+Deez Nuts Kong|these are sick mons
|
|t:|1652586461
|switch|p1a: Orchile|Orchile, F|334\/334
|-damage|p1a: Orchile|251\/334|[from] Spikes
|-start|p1a: Orchile|typechange|Grass\/Poison|[silent]
|raw|<ul class="utilichart"><li class="result"><span class="col pokemonnamecol" style="white-space: nowrap">Orchile<\/span> <span class="col typecol"><img src="https:\/\/dragonheaven.herokuapp.com\/sprites\/types\/Grass.png" alt="Grass" height="14" width="32"><img src="https:\/\/dragonheaven.herokuapp.com\/sprites\/types\/Poison.png" alt="Poison" height="14" width="32"><\/span> <span style="float: left ; min-height: 26px"><span class="col abilitycol">Sweet Veil \/ Aroma Veil<\/span><span class="col abilitycol"><\/span><\/span><\/li><li style="clear: both"><\/li><\/ul>
|raw|<ul class="utilichart"><li class="result"><span style="float: left ; min-height: 26px"><span class="col statcol"><em>HP<\/em><br>65<\/span> <span class="col statcol"><em>Atk<\/em><br>60<\/span> <span class="col statcol"><em>Def<\/em><br>75<\/span> <span class="col statcol"><em>SpA<\/em><br>110<\/span> <span class="col statcol"><em>SpD<\/em><br>121<\/span> <span class="col statcol"><em>Spe<\/em><br>64<\/span> <\/span><\/li><li style="clear: both"><\/li><\/ul>
|turn|11
|c|+KeroseneZanchu|yeah they're so fun looking i want to try them
|j|+Paul(Paulluxx)
|
|t:|1652586488
|switch|p2a: Orchile|Orchile, M|78\/100
|-start|p2a: Orchile|typechange|Grass\/Poison|[silent]
|-damage|p2a: Orchile|65\/100|[from] Spikes
|move|p1a: Orchile|Strength Sap|p2a: Orchile
|-unboost|p2a: Orchile|atk|1
|-heal|p1a: Orchile|334\/334
|
|-heal|p2a: Orchile|71\/100|[from] item: Leftovers
|upkeep
|turn|12
|
|t:|1652586493
|move|p1a: Orchile|Calm Mind|p1a: Orchile
|-boost|p1a: Orchile|spa|1
|-boost|p1a: Orchile|spd|1
|move|p2a: Orchile|Mystical Fire|p1a: Orchile
|-supereffective|p1a: Orchile
|-damage|p1a: Orchile|262\/334
|-unboost|p1a: Orchile|spa|1
|
|-heal|p1a: Orchile|282\/334|[from] item: Black Sludge
|-heal|p2a: Orchile|77\/100|[from] item: Leftovers
|upkeep
|turn|13
|
|t:|1652586502
|move|p1a: Orchile|Calm Mind|p1a: Orchile
|-boost|p1a: Orchile|spa|1
|-boost|p1a: Orchile|spd|1
|move|p2a: Orchile|Mystical Fire|p1a: Orchile
|-supereffective|p1a: Orchile
|-damage|p1a: Orchile|226\/334
|-unboost|p1a: Orchile|spa|1
|
|-heal|p1a: Orchile|246\/334|[from] item: Black Sludge
|-heal|p2a: Orchile|83\/100|[from] item: Leftovers
|upkeep
|turn|14
|
|t:|1652586507
|move|p1a: Orchile|Strength Sap|p2a: Orchile
|-unboost|p2a: Orchile|atk|1
|-heal|p1a: Orchile|320\/334
|move|p2a: Orchile|Mystical Fire|p1a: Orchile
|-supereffective|p1a: Orchile
|-damage|p1a: Orchile|260\/334
|-unboost|p1a: Orchile|spa|1
|
|-heal|p1a: Orchile|280\/334|[from] item: Black Sludge
|-heal|p2a: Orchile|89\/100|[from] item: Leftovers
|upkeep
|turn|15
|c|+Paul(Paulluxx)|I honestly love everything about orchile
|
|t:|1652586514
|switch|p1a: Fluidrake|Fluidrake, M|311\/414
|-start|p1a: Fluidrake|typechange|Water\/Steel|[silent]
|-damage|p1a: Fluidrake|208\/414|[from] Spikes
|move|p2a: Orchile|Mystical Fire|p1a: Fluidrake
|-damage|p1a: Fluidrake|156\/414
|-unboost|p1a: Fluidrake|spa|1
|
|-heal|p2a: Orchile|95\/100|[from] item: Leftovers
|upkeep
|turn|16
|c|+Paul(Paulluxx)|has a super awesome sprite as well
|c|+Tapler ❀|orchile is underrated
|
|t:|1652586521
|move|p1a: Fluidrake|Spikes|p2a: Orchile
|-sidestart|p2: jmssalltheway|Spikes
|move|p2a: Orchile|Giga Drain|p1a: Fluidrake
|-damage|p1a: Fluidrake|80\/414
|-heal|p2a: Orchile|100\/100|[from] drain|[of] p1a: Fluidrake
|
|upkeep
|turn|17
|c|+Paul(Paulluxx)|i dont think its underrated now
|c|+zxgzxg|no orchiles always been pretty good
|c|+Deez Nuts Kong|people have been using it a decent bit
|
|t:|1652586544
|move|p1a: Fluidrake|Spikes|p2a: Orchile
|-sidestart|p2: jmssalltheway|Spikes
|move|p2a: Orchile|Giga Drain|p1a: Fluidrake
|-damage|p1a: Fluidrake|13\/414
|
|upkeep
|turn|18
|c|+earlio2|go sicko mode
|c|+Tapler ❀|it was underrated before PL iom
|c|+Deez Nuts Kong|most people just slap fluidrake onto their teams instead though
|c|+Paul(Paulluxx)|its a non fluidrake cellsius check, which are very rare
|c|+zxgzxg|yeah i havent seen a lot of boar ass
|
|t:|1652586571
|move|p1a: Fluidrake|Knock Off|p2a: Orchile
|-damage|p2a: Orchile|80\/100
|-enditem|p2a: Orchile|Leftovers|[from] move: Knock Off|[of] p1a: Fluidrake
|move|p2a: Orchile|Mystical Fire|p1a: Fluidrake
|-damage|p1a: Fluidrake|0 fnt
|faint|p1a: Fluidrake
|
|upkeep
|
|t:|1652586580
|switch|p1a: Polbearab|Polbearab, F|199\/331 tox
|-start|p1a: Polbearab|typechange|Ice\/Fighting|[silent]
|-damage|p1a: Polbearab|117\/331 tox|[from] Spikes
|turn|19
|c|+Paul(Paulluxx)|Boar ass was on the cutting room floor for us this week
|c|+Paul(Paulluxx)|just wasn't the team we liked
|
|t:|1652586607
|move|p1a: Polbearab|Triple Axel|p2a: Orchile
|-supereffective|p2a: Orchile
|-damage|p2a: Orchile|57\/100
|-supereffective|p2a: Orchile
|-damage|p2a: Orchile|10\/100
|-hitcount|p2a: Orchile|2
|move|p2a: Orchile|Mystical Fire|p1a: Polbearab
|-supereffective|p1a: Polbearab
|-damage|p1a: Polbearab|0 fnt
|faint|p1a: Polbearab
|
|upkeep
|c|+KeroseneZanchu|OH
|c|+zxgzxg|pain
|
|t:|1652586618
|switch|p1a: Cellsius|Cellsius, F|185\/259
|-start|p1a: Cellsius|typechange|Water\/Fairy|[silent]
|-damage|p1a: Cellsius|121\/259|[from] Spikes
|turn|20
|c|+KeroseneZanchu|on one hand HELL YEAH
|c|+KeroseneZanchu|but on the other hand
|j|+Gekokeso
|c|+ZCopen|>spend 45k
|c|+ZCopen|>lose
|c|+KeroseneZanchu|damn that was some unfortunate hax sorry
|c|+earlio2|man the manicunos are cursed.
|c|+Gekokeso|Let's fucking go
|
|t:|1652586635
|move|p1a: Cellsius|Moonblast|p2a: Orchile
|-resisted|p2a: Orchile
|-damage|p2a: Orchile|0 fnt
|faint|p2a: Orchile
|-ability|p1a: Cellsius|Beast Boost|boost
|-boost|p1a: Cellsius|spa|1
|
|upkeep
|c|+earlio2|fuck
|c|+zxgzxg|triple axel more like triple ax L
|l|+Paul(Paulluxx)
|c|+KeroseneZanchu|so true
|c|+earlio2|man we have such bad luck this week.
|c|+KeroseneZanchu|come on mage you got this
|c|+KeroseneZanchu|you're literally called the boss there's no way you can lose
|c|+KeroseneZanchu|even if it's against the actual boss
|c|☆jmssalltheway|yeah but idk the set of this
|c|+Deez Nuts Kong|i am cheering for the boss
|c|+earlio2|no go scoop
|c|+Deez Nuts Kong|the bossaru that is
|j|+Paul(Paulluxx)
|c|☆jmssalltheway|is there a \/calc for this?
|c|+zxgzxg|no
|c|+zxgzxg|input stats urself lololol
|c|+Deez Nuts Kong|unfortunately no you just have to edit stuff from the main showdown damage calc
|c|+Deez Nuts Kong|i might be able to make one next week though
|c|+earlio2|lol
|c|+zxgzxg|also am noticing a stray white pixel on cellsius
|c|☆scoopapa|its your monitor
|c|+zxgzxg|ur right
|c|+Bobsican|I can see it, on the tail
|c|+earlio2|lol
|c|+zxgzxg|scoop never makes mistankes
|
|t:|1652586784
|switch|p2a: Sorree|Sorree, M|100\/100
|-ability|p2a: Sorree|Unnerve|p1: scoopapa
|-damage|p2a: Sorree|76\/100|[from] Spikes
|-start|p2a: Sorree|typechange|Dark|[silent]
|turn|21
|c|+Paul(Paulluxx)|its definitely your moniter yeah lmao
|c|+Paul(Paulluxx)|nah the tail is shading 
|c|+ZCopen|sprite fail!!!!!
|c|☆jmssalltheway|how tf do you input stats
|c|+Paul(Paulluxx)|just click on the box
|c|+zxgzxg|wait a sec
|c|☆scoopapa|there are some white pixels on the tail bc its glass
|c|☆scoopapa|maybe wasn't a good move
|c|+Deez Nuts Kong|if you go to the damage calc for like primarina for example you can edit the 126 for base spatk into whatever cellsius has
|c|+Deez Nuts Kong|ok cellsius has 127 lmao
|c|☆jmssalltheway|oh
|c|+Paul(Paulluxx)|127
|c|+Paul(Paulluxx)|yeah
|c|+earlio2|calc these nuts 
|c|+Paul(Paulluxx)|already am
|c|☆jmssalltheway|!dt cellsius
|raw|<div class="message"><ul class="utilichart"><li class="result"><span class="col numcol">Restrictions<\/span> <span class="col iconcol"><psicon pokemon="cellsius"\/><\/span> <span class="col pokemonnamecol" style="white-space:nowrap"><a href="https:\/\/dex.pokemonshowdown.com\/pokemon\/cellsius" target="_blank">Cellsius<\/a><\/span> <span class="col typecol"><img src="https:\/\/dragonheaven.herokuapp.com\/sprites\/types\/Water.png" alt="Water" height="14" width="32"><img src="https:\/\/dragonheaven.herokuapp.com\/sprites\/types\/Fairy.png" alt="Fairy" height="14" width="32"><\/span> <span style="float:left;min-height:26px"><span class="col abilitycol">Beast Boost<\/span><span class="col abilitycol"><\/span><\/span><span style="float:left;min-height:26px"><span class="col statcol"><em>HP<\/em><br \/>59<\/span> <span class="col statcol"><em>Atk<\/em><br \/>103<\/span> <span class="col statcol"><em>Def<\/em><br \/>83<\/span> <span class="col statcol"><em>SpA<\/em><br \/>127<\/span> <span class="col statcol"><em>SpD<\/em><br \/>97<\/span> <span class="col statcol"><em>Spe<\/em><br \/>101<\/span> <span class="col bstcol"><em>BST<br \/>570<\/em><\/span> <\/span><\/li><li style="clear:both"><\/li><\/ul><\/div>
|raw|<font size="1"><font color="#686868">Dex#:<\/font> 1053&nbsp;|&ThickSpace;<font color="#686868">Gen:<\/font> 8&nbsp;|&ThickSpace;<font color="#686868">Height:<\/font> 0 m&nbsp;|&ThickSpace;<font color="#686868">Weight:<\/font> 18 kg <em>(40 BP)<\/em>&nbsp;|&ThickSpace;Egg Group(s)&nbsp;|&ThickSpace;<font color="#686868">Does Not Evolve<\/font><\/font>

|c|+earlio2|intensr
|c|+zxgzxg|calc battle
|c|+zxgzxg|now available on nintendo switch
|c|+ZCopen|everyone in pmpl allergic to the timer istg
|c|+zxgzxg|shhh dont talk abt the timer
|c|+zxgzxg|thats ghosting!!!!!
|c|+ZCopen|oh shit time to get banned for ghosting
|c|+earlio2|timer
|j|+EeveeGirl1380
|c|+EeveeGirl1380|Timer doesn’t exist
|
|t:|1652587058
|move|p2a: Sorree|U-turn|p1a: Cellsius
|-resisted|p1a: Cellsius
|-damage|p1a: Cellsius|64\/259
|c|+ZCopen|coaching!!!!
|
|t:|1652587077
|switch|p2a: Thuco-Tuco|Thuco-Tuco, F|100\/100|[from]move: U-turn
|-start|p2a: Thuco-Tuco|typechange|Ground|[silent]
|raw|<ul class="utilichart"><li class="result"><span class="col pokemonnamecol" style="white-space: nowrap">Thuco-Tuco<\/span> <span class="col typecol"><img src="https:\/\/dragonheaven.herokuapp.com\/sprites\/types\/Ground.png" alt="Ground" height="14" width="32"><\/span> <span style="float: left ; min-height: 26px"><span class="col abilitycol">Intimidate \/ Sturdy \/ Sand Spit<\/span><span class="col abilitycol"><\/span><\/span><\/li><li style="clear: both"><\/li><\/ul>
|raw|<ul class="utilichart"><li class="result"><span style="float: left ; min-height: 26px"><span class="col statcol"><em>HP<\/em><br>120<\/span> <span class="col statcol"><em>Atk<\/em><br>95<\/span> <span class="col statcol"><em>Def<\/em><br>85<\/span> <span class="col statcol"><em>SpA<\/em><br>65<\/span> <span class="col statcol"><em>SpD<\/em><br>65<\/span> <span class="col statcol"><em>Spe<\/em><br>30<\/span> <\/span><\/li><li style="clear: both"><\/li><\/ul>
|-damage|p2a: Thuco-Tuco|76\/100|[from] Spikes
|-ability|p2a: Thuco-Tuco|Intimidate|boost
|-unboost|p1a: Cellsius|atk|1
|move|p1a: Cellsius|Moonblast|p2a: Thuco-Tuco
|-damage|p2a: Thuco-Tuco|0 fnt
|faint|p2a: Thuco-Tuco
|-ability|p1a: Cellsius|Beast Boost|boost
|-boost|p1a: Cellsius|spa|1
|
|upkeep
|c|+Bobsican|Some big ghosting: Win
|
|t:|1652587082
|switch|p2a: Sorree|Sorree, M|76\/100
|-ability|p2a: Sorree|Unnerve|p1: scoopapa
|-start|p2a: Sorree|typechange|Dark|[silent]
|-damage|p2a: Sorree|51\/100|[from] Spikes
|turn|22
|
|t:|1652587091
|move|p2a: Sorree|Knock Off|p1a: Cellsius
|-resisted|p1a: Cellsius
|-damage|p1a: Cellsius|0 fnt
|-enditem|p1a: Cellsius|Choice Scarf|[from] move: Knock Off|[of] p2a: Sorree
|faint|p1a: Cellsius
|
|upkeep
|
|t:|1652587094
|switch|p1a: Thuco-Tuco|Thuco-Tuco, M|444\/444
|-damage|p1a: Thuco-Tuco|333\/444|[from] Spikes
|-start|p1a: Thuco-Tuco|typechange|Ground|[silent]
|raw|<ul class="utilichart"><li class="result"><span class="col pokemonnamecol" style="white-space: nowrap">Thuco-Tuco<\/span> <span class="col typecol"><img src="https:\/\/dragonheaven.herokuapp.com\/sprites\/types\/Ground.png" alt="Ground" height="14" width="32"><\/span> <span style="float: left ; min-height: 26px"><span class="col abilitycol">Intimidate \/ Sturdy \/ Sand Spit<\/span><span class="col abilitycol"><\/span><\/span><\/li><li style="clear: both"><\/li><\/ul>
|raw|<ul class="utilichart"><li class="result"><span style="float: left ; min-height: 26px"><span class="col statcol"><em>HP<\/em><br>120<\/span> <span class="col statcol"><em>Atk<\/em><br>95<\/span> <span class="col statcol"><em>Def<\/em><br>85<\/span> <span class="col statcol"><em>SpA<\/em><br>65<\/span> <span class="col statcol"><em>SpD<\/em><br>65<\/span> <span class="col statcol"><em>Spe<\/em><br>30<\/span> <\/span><\/li><li style="clear: both"><\/li><\/ul>
|-ability|p1a: Thuco-Tuco|Intimidate|boost
|-unboost|p2a: Sorree|atk|1
|turn|23
|
|t:|1652587110
|move|p2a: Sorree|Knock Off|p1a: Thuco-Tuco
|-damage|p1a: Thuco-Tuco|234\/444
|-damage|p2a: Sorree|34\/100|[from] item: Rocky Helmet|[of] p1a: Thuco-Tuco
|-enditem|p1a: Thuco-Tuco|Rocky Helmet|[from] move: Knock Off|[of] p2a: Sorree
|move|p1a: Thuco-Tuco|Rapid Spin|p2a: Sorree
|-crit|p2a: Sorree
|-damage|p2a: Sorree|16\/100
|-boost|p1a: Thuco-Tuco|spe|1
|-sideend|p1: scoopapa|Spikes|[from] move: Rapid Spin|[of] p1a: Thuco-Tuco
|
|upkeep
|turn|24
|
|t:|1652587119
|move|p2a: Sorree|Knock Off|p1a: Thuco-Tuco
|-damage|p1a: Thuco-Tuco|170\/444
|move|p1a: Thuco-Tuco|Slack Off|p1a: Thuco-Tuco
|-heal|p1a: Thuco-Tuco|392\/444
|
|upkeep
|turn|25
|
|t:|1652587128
|move|p2a: Sorree|Knock Off|p1a: Thuco-Tuco
|-damage|p1a: Thuco-Tuco|323\/444
|move|p1a: Thuco-Tuco|Slack Off|p1a: Thuco-Tuco
|-heal|p1a: Thuco-Tuco|444\/444
|
|upkeep
|turn|26
|
|t:|1652587131
|move|p2a: Sorree|Knock Off|p1a: Thuco-Tuco
|-damage|p1a: Thuco-Tuco|371\/444
|move|p1a: Thuco-Tuco|Thousand Arrows|p2a: Sorree
|-damage|p2a: Sorree|0 fnt
|faint|p2a: Sorree
|
|upkeep
|c|+ZCopen|throw?????
|c|+earlio2|yo?
|c|+zxgzxg|catch?????
|c|+EeveeGirl1380|oh??????!??
|c|+Deez Nuts Kong|catch deez nuts
|c|+zxgzxg|NOOO
|c|+ZCopen|so true deez nuts kong
|c|+EeveeGirl1380|COME ON
|c|+earlio2|W???? 
|c|+EeveeGirl1380|T-T
|
|t:|1652587186
|switch|p2a: Crystelf|Crystelf, M|88\/100
|-damage|p2a: Crystelf|63\/100|[from] Spikes
|-start|p2a: Crystelf|typechange|Rock\/Fairy|[silent]
|-ability|p2a: Crystelf|Intimidate|[from] ability: Trace|[of] p1a: Thuco-Tuco
|-ability|p2a: Crystelf|Intimidate|boost
|-unboost|p1a: Thuco-Tuco|atk|1
|turn|27
|c|+EeveeGirl1380|Crazy tho?!?
|
|t:|1652587192
|move|p2a: Crystelf|Moonblast|p1a: Thuco-Tuco
|-damage|p1a: Thuco-Tuco|59\/444
|move|p1a: Thuco-Tuco|Thousand Arrows|p2a: Crystelf
|-supereffective|p2a: Crystelf
|-damage|p2a: Crystelf|0 fnt
|faint|p2a: Crystelf
|
|upkeep
|
|t:|1652587196
|switch|p2a: Fluidrake|Fluidrake, M|65\/100
|-start|p2a: Fluidrake|typechange|Water\/Steel|[silent]
|-damage|p2a: Fluidrake|40\/100|[from] Spikes
|turn|28
|
|t:|1652587205
|move|p2a: Fluidrake|Iron Head|p1a: Thuco-Tuco
|-damage|p1a: Thuco-Tuco|0 fnt
|faint|p1a: Thuco-Tuco
|
|upkeep
|c|+Tapler ❀|yoooo let's go scoopo
|
|t:|1652587209
|switch|p1a: Orchile|Orchile, F|280\/334
|-start|p1a: Orchile|typechange|Grass\/Poison|[silent]
|turn|29
|
|t:|1652587213
|move|p2a: Fluidrake|Iron Head|p1a: Orchile
|-damage|p1a: Orchile|190\/334
|move|p1a: Orchile|Strength Sap|p2a: Fluidrake
|-unboost|p2a: Fluidrake|atk|1
|-heal|p1a: Orchile|334\/334
|
|upkeep
|turn|30
|c|+EeveeGirl1380|Yoo clutch win
|
|t:|1652587217
|move|p2a: Fluidrake|Iron Head|p1a: Orchile
|-damage|p1a: Orchile|277\/334
|cant|p1a: Orchile|flinch
|
|-heal|p1a: Orchile|297\/334|[from] item: Black Sludge
|upkeep
|turn|31
|c|+earlio2|W
|
|t:|1652587221
|move|p2a: Fluidrake|Iron Head|p1a: Orchile
|-damage|p1a: Orchile|243\/334
|move|p1a: Orchile|Earth Power|p2a: Fluidrake
|-supereffective|p2a: Fluidrake
|-damage|p2a: Fluidrake|0 fnt
|faint|p2a: Fluidrake
|
|win|scoopapa
|c|☆scoopapa|not yet
|c|☆scoopapa|ok
|c|+KeroseneZanchu|unless
|c|☆scoopapa|gg
|c|~piikiki4|manucomback time?
|c|+KeroseneZanchu|rip
|c|+Deez Nuts Kong|ok ggwp
|c|+earlio2| YES
|c|☆jmssalltheway|gg
|l|☆jmssalltheway
|c|+earlio2|MANICUNO 3-4
|c|+KeroseneZanchu|ggwp
|c|+KeroseneZanchu|both
|c|+EeveeGirl1380|Gg dang
|c|+ZCopen|imagine how embarressing it would have been to lose this
|c|+earlio2|1 manicunillion
|c|☆scoopapa|^thanks
|c|+EeveeGirl1380|Flinch hax 
|c|☆scoopapa|i love that going into every game
|c|+Deez Nuts Kong|thankfully i did not lose this battle
|l|+EeveeGirl1380
|c|+ZCopen|the pressure is on scoop....
|c|+earlio2|saved 
|c|☆scoopapa|its that extra 8k
|c|☆scoopapa|the feather that breaks the camels back
|l|+earlio2
|c|+Tapler ❀|great match fr
|l|+KeroseneZanchu
|l|+ZCopen
|l|+Deez Nuts Kong</script>
</div>
<div class="battle-log battle-log-inline"><div class="inner"><div class="battle-options"><div style="padding-top: 3px; padding-right: 3px; text-align: right"><button class="icon button" name="openBattleOptions" title="Options">Battle Options</button></div></div><div class="inner message-log"><div class="chat"><small>☆scoopapa and ☆jmssalltheway joined</small></div><div class=""><small>Format:</small> <br><strong>[Gen 8] Restrictions</strong></div><div class=""><small><em>Sleep Clause Mod:</em> Limit one foe put to sleep</small></div><div class=""><small><em>Species Clause:</em> Limit one of each Pokémon</small></div><div class=""><small><em>OHKO Clause:</em> OHKO moves are banned</small></div><div class=""><small><em>Evasion Moves Clause:</em> Evasion moves are banned</small></div><div class=""><small><em>Endless Battle Clause:</em> Forcing endless battles is banned</small></div><div class=""><small><em>HP Percentage Mod:</em> HP is shown in percentages</small></div><div class=""><small><em>Dynamax Clause:</em> You cannot dynamax</small></div><div class="chat battle-history"><strong>scoopapa's team:</strong> <em style="color:#445566;display:block;">Teslaple / Polbearab / Fluidrake / Orchile / Thuco-Tuco / Cellsius</em></div><div class="chat battle-history"><strong>jmssalltheway's team:</strong> <em style="color:#445566;display:block;">Draugelid / Crystelf / Fluidrake / Thuco-Tuco / Orchile / Sorree</em></div><div class="chat"><small>+KeroseneZanchu joined</small></div><div class="chat chatmessage-kerosenezanchu"><strong style="color:#4094b0"><small>+</small><span class="username" data-name="KeroseneZanchu">KeroseneZanchu</span>:</strong> <em>LETS GOOOOOOOO</em></div><div class="chat"><small>+zxgzxg and  XxSevagxX joined</small></div><div class="chat chatmessage-xxsevagxx"><strong style="color:#643af0"><small> </small><span class="username" data-name="XxSevagxX">XxSevagxX</span>:</strong> <em>da bos, lets go</em></div><div class="chat chatmessage-zxgzxg"><strong style="color:#8f19ef"><small>+</small><span class="username" data-name="zxgzxg">zxgzxg</span>:</strong> <em>so you can play at 9 and i had to play you at midnight???????</em></div><div class="chat chatmessage-jmssalltheway"><strong style="color:#bc17de"><small>☆</small><span class="username" data-name="jmssalltheway">jmssalltheway</span>:</strong> <em>todays the weekend</em></div><div class="chat"><small>+earlio2 joined</small></div><div class="chat chatmessage-earlio2"><strong style="color:#60923a"><small>+</small><span class="username" data-name="earlio2">earlio2</span>:</strong> <em>another </em></div><div class="chat chatmessage-zxgzxg"><strong style="color:#8f19ef"><small>+</small><span class="username" data-name="zxgzxg">zxgzxg</span>:</strong> <em>jk gl to all</em></div><div class="chat chatmessage-earlio2"><strong style="color:#60923a"><small>+</small><span class="username" data-name="earlio2">earlio2</span>:</strong> <em>i can’t take this </em></div><div class="spacer battle-history"><br></div><div class="battle-history">Battle started between scoopapa and jmssalltheway!<br></div><div class="spacer battle-history"><br></div><div class="battle-history">Go! <strong>Cellsius</strong>!<br></div><div class="spacer battle-history"><br></div><div class="battle-history">jmssalltheway sent out <strong>Sorree</strong>!<br></div><div class="battle-history">[The opposing Sorree's Unnerve]<br><small>Your team is too nervous to eat Berries!</small><br></div><div class="chat"><ul class="utilichart"><li class="result"><span class="col pokemonnamecol" style="white-space: nowrap">Sorree</span> <span class="col typecol"><img src="https://dragonheaven.herokuapp.com/sprites/types/Dark.png" alt="Dark" height="14" width="32"></span> <span style="float: left ; min-height: 26px"><span class="col abilitycol">Unnerve</span><span class="col abilitycol"></span></span></li><li style="clear: both"></li></ul></div><div class="chat"><ul class="utilichart"><li class="result"><span style="float: left ; min-height: 26px"><span class="col statcol"><em>HP</em><br>100</span> <span class="col statcol"><em>Atk</em><br>128</span> <span class="col statcol"><em>Def</em><br>90</span> <span class="col statcol"><em>SpA</em><br>77</span> <span class="col statcol"><em>SpD</em><br>77</span> <span class="col statcol"><em>Spe</em><br>128</span> </span></li><li style="clear: both"></li></ul></div><div class="chat"><ul class="utilichart"><li class="result"><span class="col pokemonnamecol" style="white-space: nowrap">Cellsius</span> <span class="col typecol"><img src="https://dragonheaven.herokuapp.com/sprites/types/Water.png" alt="Water" height="14" width="32"><img src="https://dragonheaven.herokuapp.com/sprites/types/Fairy.png" alt="Fairy" height="14" width="32"></span> <span style="float: left ; min-height: 26px"><span class="col abilitycol">Beast Boost</span><span class="col abilitycol"></span></span></li><li style="clear: both"></li></ul></div><div class="chat"><ul class="utilichart"><li class="result"><span style="float: left ; min-height: 26px"><span class="col statcol"><em>HP</em><br>59</span> <span class="col statcol"><em>Atk</em><br>103</span> <span class="col statcol"><em>Def</em><br>83</span> <span class="col statcol"><em>SpA</em><br>127</span> <span class="col statcol"><em>SpD</em><br>97</span> <span class="col statcol"><em>Spe</em><br>101</span> </span></li><li style="clear: both"></li></ul></div><div class="spacer battle-history"><br></div><h2 class="battle-history">Turn 1</h2><div class="chat chatmessage-earlio2"><strong style="color:#60923a"><small>+</small><span class="username" data-name="earlio2">earlio2</span>:</strong> <em>such pressure </em></div><div class="chat"><small>+Bobsican joined</small></div><div class="chat chatmessage-earlio2"><strong style="color:#60923a"><small>+</small><span class="username" data-name="earlio2">earlio2</span>:</strong> <em>please win scoop.</em></div><div class="chat chatmessage-zxgzxg"><strong style="color:#8f19ef"><small>+</small><span class="username" data-name="zxgzxg">zxgzxg</span>:</strong> <em>yo</em></div><div class="spacer battle-history"><br></div><div class="battle-history">The opposing Sorree used <strong>U-turn</strong>!<br></div><div class="battle-history"><small>It's not very effective...</small><br></div><div class="battle-history"><small>A critical hit!</small><br></div><div class="battle-history"><small>(Cellsius lost <abbr title="−74/259">28.6%</abbr> of its health!)</small><br></div><div class="chat chatmessage-zxgzxg"><strong style="color:#8f19ef"><small>+</small><span class="username" data-name="zxgzxg">zxgzxg</span>:</strong> <em>scoops got the </em></div><div class="chat chatmessage-zxgzxg"><strong style="color:#8f19ef"><small>+</small><span class="username" data-name="zxgzxg">zxgzxg</span>:</strong> <em>POLBEARAB GAMING</em></div><div class="chat chatmessage-xxsevagxx"><strong style="color:#643af0"><small> </small><span class="username" data-name="XxSevagxX">XxSevagxX</span>:</strong> <em>god i feel unnerve</em></div><div class="chat"><small>+ZOOMERCIDE and ~piikiki4 joined</small></div><div class="chat chatmessage-earlio2"><strong style="color:#60923a"><small>+</small><span class="username" data-name="earlio2">earlio2</span>:</strong> <em>as a manager it all goes to me </em></div><div class="spacer battle-history"><br></div><div class="battle-history">The opposing Sorree went back to jmssalltheway!<br></div><div class="battle-history">jmssalltheway sent out <strong>Fluidrake</strong>!<br></div><div class="chat"><ul class="utilichart"><li class="result"><span class="col pokemonnamecol" style="white-space: nowrap">Fluidrake</span> <span class="col typecol"><img src="https://dragonheaven.herokuapp.com/sprites/types/Water.png" alt="Water" height="14" width="32"><img src="https://dragonheaven.herokuapp.com/sprites/types/Steel.png" alt="Steel" height="14" width="32"></span> <span style="float: left ; min-height: 26px"><span class="col abilitycol">Poison Touch / Sheer Force</span><span class="col abilitycol"></span></span></li><li style="clear: both"></li></ul></div><div class="chat"><ul class="utilichart"><li class="result"><span style="float: left ; min-height: 26px"><span class="col statcol"><em>HP</em><br>105</span> <span class="col statcol"><em>Atk</em><br>70</span> <span class="col statcol"><em>Def</em><br>100</span> <span class="col statcol"><em>SpA</em><br>75</span> <span class="col statcol"><em>SpD</em><br>95</span> <span class="col statcol"><em>Spe</em><br>80</span> </span></li><li style="clear: both"></li></ul></div><div class="spacer battle-history"><br></div><div class="battle-history">Cellsius used <strong>Moonblast</strong>!<br></div><div class="battle-history"><small>It's not very effective...</small><br></div><div class="battle-history"><small>(The opposing Fluidrake lost 28% of its health!)</small><br></div><div class="spacer battle-history"><br></div><div class="battle-history"><small>The opposing Fluidrake restored a little HP using its Leftovers!</small><br></div><div class="spacer battle-history"><br></div><h2 class="battle-history">Turn 2</h2><div class="chat chatmessage-earlio2"><strong style="color:#60923a"><small>+</small><span class="username" data-name="earlio2">earlio2</span>:</strong> <em>what a game!</em></div><div class="spacer battle-history"><br></div><div class="battle-history">Cellsius, come back!<br></div><div class="battle-history">Go! <strong>Fluidrake</strong>!<br></div><div class="chat"><ul class="utilichart"><li class="result"><span class="col pokemonnamecol" style="white-space: nowrap">Fluidrake</span> <span class="col typecol"><img src="https://dragonheaven.herokuapp.com/sprites/types/Water.png" alt="Water" height="14" width="32"><img src="https://dragonheaven.herokuapp.com/sprites/types/Steel.png" alt="Steel" height="14" width="32"></span> <span style="float: left ; min-height: 26px"><span class="col abilitycol">Poison Touch / Sheer Force</span><span class="col abilitycol"></span></span></li><li style="clear: both"></li></ul></div><div class="chat"><ul class="utilichart"><li class="result"><span style="float: left ; min-height: 26px"><span class="col statcol"><em>HP</em><br>105</span> <span class="col statcol"><em>Atk</em><br>70</span> <span class="col statcol"><em>Def</em><br>100</span> <span class="col statcol"><em>SpA</em><br>75</span> <span class="col statcol"><em>SpD</em><br>95</span> <span class="col statcol"><em>Spe</em><br>80</span> </span></li><li style="clear: both"></li></ul></div><div class="spacer battle-history"><br></div><div class="battle-history">The opposing Fluidrake used <strong>Knock Off</strong>!<br></div><div class="battle-history"><small>(Fluidrake lost <abbr title="−77/414">18.6%</abbr> of its health!)</small><br></div><div class="battle-history"><small>The opposing Fluidrake knocked off Fluidrake's Leftovers!</small><br></div><div class="spacer battle-history"><br></div><div class="battle-history"><small>The opposing Fluidrake restored a little HP using its Leftovers!</small><br></div><div class="spacer battle-history"><br></div><h2 class="battle-history">Turn 3</h2><div class="chat chatmessage-kerosenezanchu"><strong style="color:#4094b0"><small>+</small><span class="username" data-name="KeroseneZanchu">KeroseneZanchu</span>:</strong> <em>value</em></div><div class="chat"><small>+Tapler ❀ joined</small></div><div class="spacer battle-history"><br></div><div class="battle-history">The opposing Fluidrake used <strong>Spikes</strong>!<br></div><div class="battle-history"><small>Spikes were scattered on the ground all around your team!</small><br></div><div class="spacer battle-history"><br></div><div class="battle-history">Fluidrake used <strong>Spikes</strong>!<br></div><div class="battle-history"><small>Spikes were scattered on the ground all around the opposing team!</small><br></div><div class="spacer battle-history"><br></div><div class="battle-history"><small>The opposing Fluidrake restored a little HP using its Leftovers!</small><br></div><div class="spacer battle-history"><br></div><h2 class="battle-history">Turn 4</h2><div class="spacer battle-history"><br></div><div class="battle-history">The opposing Fluidrake used <strong>Spikes</strong>!<br></div><div class="battle-history"><small>Spikes were scattered on the ground all around your team!</small><br></div><div class="spacer battle-history"><br></div><div class="battle-history">Fluidrake used <strong>Knock Off</strong>!<br></div><div class="battle-history"><small>(The opposing Fluidrake lost 15% of its health!)</small><br></div><div class="battle-history"><small>Fluidrake knocked off the opposing Fluidrake's Leftovers!</small><br></div><div class="spacer battle-history"><br></div><h2 class="battle-history">Turn 5</h2><div class="chat chatmessage-tapler"><strong style="color:#b48122"><small>+</small><span class="username" data-name="Tapler ❀">Tapler ❀</span>:</strong> <em>let's gooo scoop</em></div><div class="spacer battle-history"><br></div><div class="battle-history">The opposing Fluidrake used <strong>Spikes</strong>!<br></div><div class="battle-history"><small>Spikes were scattered on the ground all around your team!</small><br></div><div class="spacer battle-history"><br></div><div class="battle-history">Fluidrake used <strong>Scald</strong>!<br></div><div class="battle-history"><small>It's not very effective...</small><br></div><div class="battle-history"><small>(The opposing Fluidrake lost 10% of its health!)</small><br></div><div class="spacer battle-history"><br></div><h2 class="battle-history">Turn 6</h2><div class="spacer battle-history"><br></div><div class="battle-history">The opposing Fluidrake used <strong>U-turn</strong>!<br></div><div class="battle-history"><small>It's not very effective...</small><br></div><div class="battle-history"><small>(Fluidrake lost <abbr title="−26/414">6.3%</abbr> of its health!)</small><br></div><div class="chat chatmessage-earlio2"><strong style="color:#60923a"><small>+</small><span class="username" data-name="earlio2">earlio2</span>:</strong> <em>scoop w</em></div><div class="chat chatmessage-kerosenezanchu"><strong style="color:#4094b0"><small>+</small><span class="username" data-name="KeroseneZanchu">KeroseneZanchu</span>:</strong> <em>this is going to be such a wild ride i have no idea what anything does</em></div><div class="spacer battle-history"><br></div><div class="battle-history">The opposing Fluidrake went back to jmssalltheway!<br></div><div class="battle-history">jmssalltheway sent out <strong>Orchile</strong>!<br></div><div class="chat"><ul class="utilichart"><li class="result"><span class="col pokemonnamecol" style="white-space: nowrap">Orchile</span> <span class="col typecol"><img src="https://dragonheaven.herokuapp.com/sprites/types/Grass.png" alt="Grass" height="14" width="32"><img src="https://dragonheaven.herokuapp.com/sprites/types/Poison.png" alt="Poison" height="14" width="32"></span> <span style="float: left ; min-height: 26px"><span class="col abilitycol">Sweet Veil / Aroma Veil</span><span class="col abilitycol"></span></span></li><li style="clear: both"></li></ul></div><div class="chat"><ul class="utilichart"><li class="result"><span style="float: left ; min-height: 26px"><span class="col statcol"><em>HP</em><br>65</span> <span class="col statcol"><em>Atk</em><br>60</span> <span class="col statcol"><em>Def</em><br>75</span> <span class="col statcol"><em>SpA</em><br>110</span> <span class="col statcol"><em>SpD</em><br>121</span> <span class="col statcol"><em>Spe</em><br>64</span> </span></li><li style="clear: both"></li></ul></div><div class="battle-history"><small>The opposing Orchile was hurt by the spikes!</small><br></div><div class="spacer battle-history"><br></div><div class="battle-history">Fluidrake used <strong>U-turn</strong>!<br></div><div class="battle-history"><small>(The opposing Orchile lost 16% of its health!)</small><br></div><div class="chat chatmessage-kerosenezanchu"><strong style="color:#4094b0"><small>+</small><span class="username" data-name="KeroseneZanchu">KeroseneZanchu</span>:</strong> <em>oh that's a neat sprite</em></div><div class="chat chatmessage-earlio2"><strong style="color:#60923a"><small>+</small><span class="username" data-name="earlio2">earlio2</span>:</strong> <em>momentum.????</em></div><div class="spacer battle-history"><br></div><div class="battle-history">Fluidrake went back to scoopapa!<br></div><div class="battle-history">Go! <strong>Polbearab</strong>!<br></div><div class="battle-history"><small>Polbearab was hurt by the spikes!</small><br></div><div class="chat"><ul class="utilichart"><li class="result"><span class="col pokemonnamecol" style="white-space: nowrap">Polbearab</span> <span class="col typecol"><img src="https://dragonheaven.herokuapp.com/sprites/types/Ice.png" alt="Ice" height="14" width="32"><img src="https://dragonheaven.herokuapp.com/sprites/types/Fighting.png" alt="Fighting" height="14" width="32"></span> <span style="float: left ; min-height: 26px"><span class="col abilitycol">Poison Heal</span><span class="col abilitycol"></span></span></li><li style="clear: both"></li></ul></div><div class="chat"><ul class="utilichart"><li class="result"><span style="float: left ; min-height: 26px"><span class="col statcol"><em>HP</em><br>95</span> <span class="col statcol"><em>Atk</em><br>98</span> <span class="col statcol"><em>Def</em><br>130</span> <span class="col statcol"><em>SpA</em><br>55</span> <span class="col statcol"><em>SpD</em><br>101</span> <span class="col statcol"><em>Spe</em><br>101</span> </span></li><li style="clear: both"></li></ul></div><div class="spacer battle-history"><br></div><div class="battle-history"><small>The opposing Orchile restored a little HP using its Leftovers!</small><br></div><div class="battle-history"><small>Polbearab was badly poisoned!</small><br></div><div class="spacer battle-history"><br></div><h2 class="battle-history">Turn 7</h2><div class="chat chatmessage-tapler"><strong style="color:#b48122"><small>+</small><span class="username" data-name="Tapler ❀">Tapler ❀</span>:</strong> <em>LOL yeah that's one hell of a perspective to be seeing this from</em></div><div class="chat"><small>+ZCopen joined</small></div><div class="chat chatmessage-xxsevagxx"><strong style="color:#643af0"><small> </small><span class="username" data-name="XxSevagxX">XxSevagxX</span>:</strong> <em>3 spikes. ????</em></div><div class="spacer battle-history"><br></div><div class="battle-history">jmssalltheway withdrew Orchile!<br></div><div class="battle-history">jmssalltheway sent out <strong>Draugelid</strong>!<br></div><div class="battle-history"><small>The opposing Draugelid was hurt by the spikes!</small><br></div><div class="chat"><ul class="utilichart"><li class="result"><span class="col pokemonnamecol" style="white-space: nowrap">Draugelid</span> <span class="col typecol"><img src="https://dragonheaven.herokuapp.com/sprites/types/Ghost.png" alt="Ghost" height="14" width="32"><img src="https://dragonheaven.herokuapp.com/sprites/types/Ice.png" alt="Ice" height="14" width="32"></span> <span style="float: left ; min-height: 26px"><span class="col abilitycol">Adaptability / Slush Rush / Technician</span><span class="col abilitycol"></span></span></li><li style="clear: both"></li></ul></div><div class="chat"><ul class="utilichart"><li class="result"><span style="float: left ; min-height: 26px"><span class="col statcol"><em>HP</em><br>75</span> <span class="col statcol"><em>Atk</em><br>90</span> <span class="col statcol"><em>Def</em><br>50</span> <span class="col statcol"><em>SpA</em><br>55</span> <span class="col statcol"><em>SpD</em><br>75</span> <span class="col statcol"><em>Spe</em><br>65</span> </span></li><li style="clear: both"></li></ul></div><div class="spacer battle-history"><br></div><div class="battle-history">Polbearab used <strong>Triple Axel</strong>!<br></div><div class="battle-history"><small>The opposing Draugelid avoided the attack!</small><br></div><div class="spacer battle-history"><br></div><div class="battle-history">[Polbearab's Poison Heal]<br><small>Polbearab had its HP restored.</small><br></div><div class="spacer battle-history"><br></div><h2 class="battle-history">Turn 8</h2><div class="chat chatmessage-earlio2"><strong style="color:#60923a"><small>+</small><span class="username" data-name="earlio2">earlio2</span>:</strong> <em>FUCK</em></div><div class="chat chatmessage-kerosenezanchu"><strong style="color:#4094b0"><small>+</small><span class="username" data-name="KeroseneZanchu">KeroseneZanchu</span>:</strong> <em>offensive poison heal is fun</em></div><div class="chat chatmessage-zxgzxg"><strong style="color:#8f19ef"><small>+</small><span class="username" data-name="zxgzxg">zxgzxg</span>:</strong> <em>skull emoji</em></div><div class="chat chatmessage-tapler"><strong style="color:#b48122"><small>+</small><span class="username" data-name="Tapler ❀">Tapler ❀</span>:</strong> <em>yoo the draug is in</em></div><div class="chat chatmessage-zcopen"><strong style="color:#226dd7"><small>+</small><span class="username" data-name="ZCopen">ZCopen</span>:</strong> <em>jms should win this</em></div><div class="spacer battle-history"><br></div><div class="battle-history">Polbearab used <strong>Earthquake</strong>!<br></div><div class="battle-history"><small>(The opposing Draugelid lost 45% of its health!)</small><br></div><div class="spacer battle-history"><br></div><div class="battle-history">The opposing Draugelid used <strong>Swords Dance</strong>!<br></div><div class="battle-history"><small>The opposing Draugelid's Attack rose sharply!</small><br></div><div class="spacer battle-history"><br></div><div class="battle-history">[Polbearab's Poison Heal]<br><small>Polbearab had its HP restored.</small><br></div><div class="spacer battle-history"><br></div><h2 class="battle-history">Turn 9</h2><div class="chat chatmessage-zcopen"><strong style="color:#226dd7"><small>+</small><span class="username" data-name="ZCopen">ZCopen</span>:</strong> <em>even if they have an unviable name</em></div><div class="chat chatmessage-earlio2"><strong style="color:#60923a"><small>+</small><span class="username" data-name="earlio2">earlio2</span>:</strong> <em>ooh</em></div><div class="chat"><small>+Deez Nuts Kong joined</small></div><div class="spacer battle-history"><br></div><div class="battle-history">The opposing Draugelid used <strong>Shadow Sneak</strong>!<br></div><div class="battle-history"><small>(Polbearab lost <abbr title="−173/331">52.3%</abbr> of its health!)</small><br></div><div class="battle-history"><small>The opposing Draugelid lost some of its HP!</small><br></div><div class="spacer battle-history"><br></div><div class="battle-history">Polbearab used <strong>Earthquake</strong>!<br></div><div class="battle-history"><small>(The opposing Draugelid lost 33% of its health!)</small><br></div><div class="spacer battle-history"><br></div><div class="battle-history">The opposing Draugelid fainted!<br></div><div class="spacer battle-history"><br></div><div class="battle-history">[Polbearab's Poison Heal]<br><small>Polbearab had its HP restored.</small><br></div><div class="spacer battle-history"><br></div><div class="battle-history">jmssalltheway sent out <strong>Crystelf</strong>!<br></div><div class="battle-history"><small>The opposing Crystelf was hurt by the spikes!</small><br></div><div class="chat"><ul class="utilichart"><li class="result"><span class="col pokemonnamecol" style="white-space: nowrap">Crystelf</span> <span class="col typecol"><img src="https://dragonheaven.herokuapp.com/sprites/types/Rock.png" alt="Rock" height="14" width="32"><img src="https://dragonheaven.herokuapp.com/sprites/types/Fairy.png" alt="Fairy" height="14" width="32"></span> <span style="float: left ; min-height: 26px"><span class="col abilitycol">Trace / Sand Force / Sand Rush</span><span class="col abilitycol"></span></span></li><li style="clear: both"></li></ul></div><div class="chat"><ul class="utilichart"><li class="result"><span style="float: left ; min-height: 26px"><span class="col statcol"><em>HP</em><br>50</span> <span class="col statcol"><em>Atk</em><br>95</span> <span class="col statcol"><em>Def</em><br>45</span> <span class="col statcol"><em>SpA</em><br>113</span> <span class="col statcol"><em>SpD</em><br>93</span> <span class="col statcol"><em>Spe</em><br>124</span> </span></li><li style="clear: both"></li></ul></div><div class="battle-history">[The opposing Crystelf's Trace]<br>[The opposing Crystelf's Poison Heal]<br><small>The opposing Crystelf traced Polbearab's Poison Heal!</small><br></div><div class="spacer battle-history"><br></div><h2 class="battle-history">Turn 10</h2><div class="chat chatmessage-earlio2"><strong style="color:#60923a"><small>+</small><span class="username" data-name="earlio2">earlio2</span>:</strong> <em>W</em></div><div class="chat chatmessage-xxsevagxx"><strong style="color:#643af0"><small> </small><span class="username" data-name="XxSevagxX">XxSevagxX</span>:</strong> <em>draug out</em></div><div class="chat chatmessage-kerosenezanchu"><strong style="color:#4094b0"><small>+</small><span class="username" data-name="KeroseneZanchu">KeroseneZanchu</span>:</strong> <em>bro I'm</em></div><div class="chat chatmessage-zxgzxg"><strong style="color:#8f19ef"><small>+</small><span class="username" data-name="zxgzxg">zxgzxg</span>:</strong> <em>draug do be a mon</em></div><div class="chat chatmessage-kerosenezanchu"><strong style="color:#4094b0"><small>+</small><span class="username" data-name="KeroseneZanchu">KeroseneZanchu</span>:</strong> <em>spamming /dt like mad over here</em></div><div class="chat chatmessage-kerosenezanchu"><strong style="color:#4094b0"><small>+</small><span class="username" data-name="KeroseneZanchu">KeroseneZanchu</span>:</strong> <em>lmao</em></div><div class="spacer battle-history"><br></div><div class="battle-history">Polbearab, come back!<br></div><div class="battle-history">Go! <strong>Teslaple</strong>!<br></div><div class="chat"><ul class="utilichart"><li class="result"><span class="col pokemonnamecol" style="white-space: nowrap">Teslaple</span> <span class="col typecol"><img src="https://dragonheaven.herokuapp.com/sprites/types/Electric.png" alt="Electric" height="14" width="32"><img src="https://dragonheaven.herokuapp.com/sprites/types/Grass.png" alt="Grass" height="14" width="32"></span> <span style="float: left ; min-height: 26px"><span class="col abilitycol">Grass Pelt / Flower Veil / Competitive</span><span class="col abilitycol"></span></span></li><li style="clear: both"></li></ul></div><div class="chat"><ul class="utilichart"><li class="result"><span style="float: left ; min-height: 26px"><span class="col statcol"><em>HP</em><br>80</span> <span class="col statcol"><em>Atk</em><br>40</span> <span class="col statcol"><em>Def</em><br>120</span> <span class="col statcol"><em>SpA</em><br>120</span> <span class="col statcol"><em>SpD</em><br>40</span> <span class="col statcol"><em>Spe</em><br>120</span> </span></li><li style="clear: both"></li></ul></div><div class="battle-history"><small>Teslaple was hurt by the spikes!</small><br></div><div class="spacer battle-history"><br></div><div class="battle-history">The opposing Crystelf used <strong>Earth Power</strong>!<br></div><div class="battle-history"><small>(Teslaple lost <abbr title="−226/301">75.1%</abbr> of its health!)</small><br></div><div class="spacer battle-history"><br></div><div class="battle-history">Teslaple fainted!<br></div><div class="chat chatmessage-kerosenezanchu"><strong style="color:#4094b0"><small>+</small><span class="username" data-name="KeroseneZanchu">KeroseneZanchu</span>:</strong> <em>these are cool mons</em></div><div class="chat chatmessage-kerosenezanchu"><strong style="color:#4094b0"><small>+</small><span class="username" data-name="KeroseneZanchu">KeroseneZanchu</span>:</strong> <em>LETS GO</em></div><div class="chat chatmessage-kerosenezanchu"><strong style="color:#4094b0"><small>+</small><span class="username" data-name="KeroseneZanchu">KeroseneZanchu</span>:</strong> <em>BIG DAMAGE</em></div><div class="chat chatmessage-earlio2"><strong style="color:#60923a"><small>+</small><span class="username" data-name="earlio2">earlio2</span>:</strong> <em>no…</em></div><div class="chat chatmessage-deeznutskong"><strong style="color:#2f9361"><small>+</small><span class="username" data-name="Deez Nuts Kong">Deez Nuts Kong</span>:</strong> <em>these are sick mons</em></div><div class="spacer battle-history"><br></div><div class="battle-history">Go! <strong>Orchile</strong>!<br></div><div class="battle-history"><small>Orchile was hurt by the spikes!</small><br></div><div class="chat"><ul class="utilichart"><li class="result"><span class="col pokemonnamecol" style="white-space: nowrap">Orchile</span> <span class="col typecol"><img src="https://dragonheaven.herokuapp.com/sprites/types/Grass.png" alt="Grass" height="14" width="32"><img src="https://dragonheaven.herokuapp.com/sprites/types/Poison.png" alt="Poison" height="14" width="32"></span> <span style="float: left ; min-height: 26px"><span class="col abilitycol">Sweet Veil / Aroma Veil</span><span class="col abilitycol"></span></span></li><li style="clear: both"></li></ul></div><div class="chat"><ul class="utilichart"><li class="result"><span style="float: left ; min-height: 26px"><span class="col statcol"><em>HP</em><br>65</span> <span class="col statcol"><em>Atk</em><br>60</span> <span class="col statcol"><em>Def</em><br>75</span> <span class="col statcol"><em>SpA</em><br>110</span> <span class="col statcol"><em>SpD</em><br>121</span> <span class="col statcol"><em>Spe</em><br>64</span> </span></li><li style="clear: both"></li></ul></div><div class="spacer battle-history"><br></div><h2 class="battle-history">Turn 11</h2><div class="chat chatmessage-kerosenezanchu"><strong style="color:#4094b0"><small>+</small><span class="username" data-name="KeroseneZanchu">KeroseneZanchu</span>:</strong> <em>yeah they're so fun looking i want to try them</em></div><div class="chat"><small>+Paul(Paulluxx) joined</small></div><div class="spacer battle-history"><br></div><div class="battle-history">jmssalltheway withdrew Crystelf!<br></div><div class="battle-history">jmssalltheway sent out <strong>Orchile</strong>!<br></div><div class="battle-history"><small>The opposing Orchile was hurt by the spikes!</small><br></div><div class="spacer battle-history"><br></div><div class="battle-history">Orchile used <strong>Strength Sap</strong>!<br></div><div class="battle-history"><small>The opposing Orchile's Attack fell!</small><br></div><div class="battle-history"><small>Orchile had its HP restored.</small><br></div><div class="spacer battle-history"><br></div><div class="battle-history"><small>The opposing Orchile restored a little HP using its Leftovers!</small><br></div><div class="spacer battle-history"><br></div><h2 class="battle-history">Turn 12</h2><div class="spacer battle-history"><br></div><div class="battle-history">Orchile used <strong>Calm Mind</strong>!<br></div><div class="battle-history"><small>Orchile's Sp. Atk rose!</small><br></div><div class="battle-history"><small>Orchile's Sp. Def rose!</small><br></div><div class="spacer battle-history"><br></div><div class="battle-history">The opposing Orchile used <strong>Mystical Fire</strong>!<br></div><div class="battle-history"><small>It's super effective!</small><br></div><div class="battle-history"><small>(Orchile lost <abbr title="−72/334">21.6%</abbr> of its health!)</small><br></div><div class="battle-history"><small>Orchile's Sp. Atk fell!</small><br></div><div class="spacer battle-history"><br></div><div class="battle-history"><small>Orchile restored a little HP using its Black Sludge!</small><br></div><div class="battle-history"><small>The opposing Orchile restored a little HP using its Leftovers!</small><br></div><div class="spacer battle-history"><br></div><h2 class="battle-history">Turn 13</h2><div class="spacer battle-history"><br></div><div class="battle-history">Orchile used <strong>Calm Mind</strong>!<br></div><div class="battle-history"><small>Orchile's Sp. Atk rose!</small><br></div><div class="battle-history"><small>Orchile's Sp. Def rose!</small><br></div><div class="spacer battle-history"><br></div><div class="battle-history">The opposing Orchile used <strong>Mystical Fire</strong>!<br></div><div class="battle-history"><small>It's super effective!</small><br></div><div class="battle-history"><small>(Orchile lost <abbr title="−56/334">16.8%</abbr> of its health!)</small><br></div><div class="battle-history"><small>Orchile's Sp. Atk fell!</small><br></div><div class="spacer battle-history"><br></div><div class="battle-history"><small>Orchile restored a little HP using its Black Sludge!</small><br></div><div class="battle-history"><small>The opposing Orchile restored a little HP using its Leftovers!</small><br></div><div class="spacer battle-history"><br></div><h2 class="battle-history">Turn 14</h2><div class="spacer battle-history"><br></div><div class="battle-history">Orchile used <strong>Strength Sap</strong>!<br></div><div class="battle-history"><small>The opposing Orchile's Attack fell!</small><br></div><div class="battle-history"><small>Orchile had its HP restored.</small><br></div><div class="spacer battle-history"><br></div><div class="battle-history">The opposing Orchile used <strong>Mystical Fire</strong>!<br></div><div class="battle-history"><small>It's super effective!</small><br></div><div class="battle-history"><small>(Orchile lost <abbr title="−60/334">18.0%</abbr> of its health!)</small><br></div><div class="battle-history"><small>Orchile's Sp. Atk fell!</small><br></div><div class="spacer battle-history"><br></div><div class="battle-history"><small>Orchile restored a little HP using its Black Sludge!</small><br></div><div class="battle-history"><small>The opposing Orchile restored a little HP using its Leftovers!</small><br></div><div class="spacer battle-history"><br></div><h2 class="battle-history">Turn 15</h2><div class="chat chatmessage-paulpaulluxx"><strong style="color:#17849a"><small>+</small><span class="username" data-name="Paul(Paulluxx)">Paul(Paulluxx)</span>:</strong> <em>I honestly love everything about orchile</em></div><div class="spacer battle-history"><br></div><div class="battle-history">Orchile, come back!<br></div><div class="battle-history">Go! <strong>Fluidrake</strong>!<br></div><div class="battle-history"><small>Fluidrake was hurt by the spikes!</small><br></div><div class="spacer battle-history"><br></div><div class="battle-history">The opposing Orchile used <strong>Mystical Fire</strong>!<br></div><div class="battle-history"><small>(Fluidrake lost <abbr title="−52/414">12.6%</abbr> of its health!)</small><br></div><div class="battle-history"><small>Fluidrake's Sp. Atk fell!</small><br></div><div class="spacer battle-history"><br></div><div class="battle-history"><small>The opposing Orchile restored a little HP using its Leftovers!</small><br></div><div class="spacer battle-history"><br></div><h2 class="battle-history">Turn 16</h2><div class="chat chatmessage-paulpaulluxx"><strong style="color:#17849a"><small>+</small><span class="username" data-name="Paul(Paulluxx)">Paul(Paulluxx)</span>:</strong> <em>has a super awesome sprite as well</em></div><div class="chat chatmessage-tapler"><strong style="color:#b48122"><small>+</small><span class="username" data-name="Tapler ❀">Tapler ❀</span>:</strong> <em>orchile is underrated</em></div><div class="spacer battle-history"><br></div><div class="battle-history">Fluidrake used <strong>Spikes</strong>!<br></div><div class="battle-history"><small>Spikes were scattered on the ground all around the opposing team!</small><br></div><div class="spacer battle-history"><br></div><div class="battle-history">The opposing Orchile used <strong>Giga Drain</strong>!<br></div><div class="battle-history"><small>(Fluidrake lost <abbr title="−76/414">18.4%</abbr> of its health!)</small><br></div><div class="battle-history"><small>Fluidrake had its energy drained!</small><br></div><div class="spacer battle-history"><br></div><h2 class="battle-history">Turn 17</h2><div class="chat chatmessage-paulpaulluxx"><strong style="color:#17849a"><small>+</small><span class="username" data-name="Paul(Paulluxx)">Paul(Paulluxx)</span>:</strong> <em>i dont think its underrated now</em></div><div class="chat chatmessage-zxgzxg"><strong style="color:#8f19ef"><small>+</small><span class="username" data-name="zxgzxg">zxgzxg</span>:</strong> <em>no orchiles always been pretty good</em></div><div class="chat chatmessage-deeznutskong"><strong style="color:#2f9361"><small>+</small><span class="username" data-name="Deez Nuts Kong">Deez Nuts Kong</span>:</strong> <em>people have been using it a decent bit</em></div><div class="spacer battle-history"><br></div><div class="battle-history">Fluidrake used <strong>Spikes</strong>!<br></div><div class="battle-history"><small>Spikes were scattered on the ground all around the opposing team!</small><br></div><div class="spacer battle-history"><br></div><div class="battle-history">The opposing Orchile used <strong>Giga Drain</strong>!<br></div><div class="battle-history"><small>(Fluidrake lost <abbr title="−67/414">16.2%</abbr> of its health!)</small><br></div><div class="spacer battle-history"><br></div><h2 class="battle-history">Turn 18</h2><div class="chat chatmessage-earlio2"><strong style="color:#60923a"><small>+</small><span class="username" data-name="earlio2">earlio2</span>:</strong> <em>go sicko mode</em></div><div class="chat chatmessage-tapler"><strong style="color:#b48122"><small>+</small><span class="username" data-name="Tapler ❀">Tapler ❀</span>:</strong> <em>it was underrated before PL iom</em></div><div class="chat chatmessage-deeznutskong"><strong style="color:#2f9361"><small>+</small><span class="username" data-name="Deez Nuts Kong">Deez Nuts Kong</span>:</strong> <em>most people just slap fluidrake onto their teams instead though</em></div><div class="chat chatmessage-paulpaulluxx"><strong style="color:#17849a"><small>+</small><span class="username" data-name="Paul(Paulluxx)">Paul(Paulluxx)</span>:</strong> <em>its a non fluidrake cellsius check, which are very rare</em></div><div class="chat chatmessage-zxgzxg"><strong style="color:#8f19ef"><small>+</small><span class="username" data-name="zxgzxg">zxgzxg</span>:</strong> <em>yeah i havent seen a lot of boar ass</em></div><div class="spacer battle-history"><br></div><div class="battle-history">Fluidrake used <strong>Knock Off</strong>!<br></div><div class="battle-history"><small>(The opposing Orchile lost 20% of its health!)</small><br></div><div class="battle-history"><small>Fluidrake knocked off the opposing Orchile's Leftovers!</small><br></div><div class="spacer battle-history"><br></div><div class="battle-history">The opposing Orchile used <strong>Mystical Fire</strong>!<br></div><div class="battle-history"><small>(Fluidrake lost <abbr title="−13/414">3.1%</abbr> of its health!)</small><br></div><div class="spacer battle-history"><br></div><div class="battle-history">Fluidrake fainted!<br></div><div class="spacer battle-history"><br></div><div class="battle-history">Go! <strong>Polbearab</strong>!<br></div><div class="battle-history"><small>Polbearab was hurt by the spikes!</small><br></div><div class="spacer battle-history"><br></div><h2 class="battle-history">Turn 19</h2><div class="chat chatmessage-paulpaulluxx"><strong style="color:#17849a"><small>+</small><span class="username" data-name="Paul(Paulluxx)">Paul(Paulluxx)</span>:</strong> <em>Boar ass was on the cutting room floor for us this week</em></div><div class="chat chatmessage-paulpaulluxx"><strong style="color:#17849a"><small>+</small><span class="username" data-name="Paul(Paulluxx)">Paul(Paulluxx)</span>:</strong> <em>just wasn't the team we liked</em></div><div class="spacer battle-history"><br></div><div class="battle-history">Polbearab used <strong>Triple Axel</strong>!<br></div><div class="battle-history"><small>It's super effective!</small><br></div><div class="battle-history"><small>(The opposing Orchile lost 23% of its health!)</small><br></div><div class="battle-history"><small>It's super effective!</small><br></div><div class="battle-history"><small>(The opposing Orchile lost 47% of its health!)</small><br></div><div class="battle-history"><small>The Pokémon was hit 2 times!</small><br></div><div class="spacer battle-history"><br></div><div class="battle-history">The opposing Orchile used <strong>Mystical Fire</strong>!<br></div><div class="battle-history"><small>It's super effective!</small><br></div><div class="battle-history"><small>(Polbearab lost <abbr title="−117/331">35.3%</abbr> of its health!)</small><br></div><div class="spacer battle-history"><br></div><div class="battle-history">Polbearab fainted!<br></div><div class="chat chatmessage-kerosenezanchu"><strong style="color:#4094b0"><small>+</small><span class="username" data-name="KeroseneZanchu">KeroseneZanchu</span>:</strong> <em>OH</em></div><div class="chat chatmessage-zxgzxg"><strong style="color:#8f19ef"><small>+</small><span class="username" data-name="zxgzxg">zxgzxg</span>:</strong> <em>pain</em></div><div class="spacer battle-history"><br></div><div class="battle-history">Go! <strong>Cellsius</strong>!<br></div><div class="battle-history"><small>Cellsius was hurt by the spikes!</small><br></div><div class="spacer battle-history"><br></div><h2 class="battle-history">Turn 20</h2><div class="chat chatmessage-kerosenezanchu"><strong style="color:#4094b0"><small>+</small><span class="username" data-name="KeroseneZanchu">KeroseneZanchu</span>:</strong> <em>on one hand HELL YEAH</em></div><div class="chat chatmessage-kerosenezanchu"><strong style="color:#4094b0"><small>+</small><span class="username" data-name="KeroseneZanchu">KeroseneZanchu</span>:</strong> <em>but on the other hand</em></div><div class="chat"><small>+Gekokeso joined</small></div><div class="chat chatmessage-zcopen"><strong style="color:#226dd7"><small>+</small><span class="username" data-name="ZCopen">ZCopen</span>:</strong> <em><span class="greentext">&gt;spend 45k</span></em></div><div class="chat chatmessage-zcopen"><strong style="color:#226dd7"><small>+</small><span class="username" data-name="ZCopen">ZCopen</span>:</strong> <em><span class="greentext">&gt;lose</span></em></div><div class="chat chatmessage-kerosenezanchu"><strong style="color:#4094b0"><small>+</small><span class="username" data-name="KeroseneZanchu">KeroseneZanchu</span>:</strong> <em>damn that was some unfortunate hax sorry</em></div><div class="chat chatmessage-earlio2"><strong style="color:#60923a"><small>+</small><span class="username" data-name="earlio2">earlio2</span>:</strong> <em>man the manicunos are cursed.</em></div><div class="chat chatmessage-gekokeso"><strong style="color:#9b940e"><small>+</small><span class="username" data-name="Gekokeso">Gekokeso</span>:</strong> <em>Let's fucking go</em></div><div class="spacer battle-history"><br></div><div class="battle-history">Cellsius used <strong>Moonblast</strong>!<br></div><div class="battle-history"><small>It's not very effective...</small><br></div><div class="battle-history"><small>(The opposing Orchile lost 10% of its health!)</small><br></div><div class="spacer battle-history"><br></div><div class="battle-history">The opposing Orchile fainted!<br></div><div class="battle-history">[Cellsius's Beast Boost]<br></div><div class="battle-history"><small>Cellsius's Sp. Atk rose!</small><br></div><div class="chat chatmessage-earlio2"><strong style="color:#60923a"><small>+</small><span class="username" data-name="earlio2">earlio2</span>:</strong> <em>fuck</em></div><div class="chat chatmessage-zxgzxg"><strong style="color:#8f19ef"><small>+</small><span class="username" data-name="zxgzxg">zxgzxg</span>:</strong> <em>triple axel more like triple ax L</em></div><div class="chat"><small>+Paul(Paulluxx) left</small></div><div class="chat chatmessage-kerosenezanchu"><strong style="color:#4094b0"><small>+</small><span class="username" data-name="KeroseneZanchu">KeroseneZanchu</span>:</strong> <em>so true</em></div><div class="chat chatmessage-earlio2"><strong style="color:#60923a"><small>+</small><span class="username" data-name="earlio2">earlio2</span>:</strong> <em>man we have such bad luck this week.</em></div><div class="chat chatmessage-kerosenezanchu"><strong style="color:#4094b0"><small>+</small><span class="username" data-name="KeroseneZanchu">KeroseneZanchu</span>:</strong> <em>come on mage you got this</em></div><div class="chat chatmessage-kerosenezanchu"><strong style="color:#4094b0"><small>+</small><span class="username" data-name="KeroseneZanchu">KeroseneZanchu</span>:</strong> <em>you're literally called the boss there's no way you can lose</em></div><div class="chat chatmessage-kerosenezanchu"><strong style="color:#4094b0"><small>+</small><span class="username" data-name="KeroseneZanchu">KeroseneZanchu</span>:</strong> <em>even if it's against the actual boss</em></div><div class="chat chatmessage-jmssalltheway"><strong style="color:#bc17de"><small>☆</small><span class="username" data-name="jmssalltheway">jmssalltheway</span>:</strong> <em>yeah but idk the set of this</em></div><div class="chat chatmessage-deeznutskong"><strong style="color:#2f9361"><small>+</small><span class="username" data-name="Deez Nuts Kong">Deez Nuts Kong</span>:</strong> <em>i am cheering for the boss</em></div><div class="chat chatmessage-earlio2"><strong style="color:#60923a"><small>+</small><span class="username" data-name="earlio2">earlio2</span>:</strong> <em>no go scoop</em></div><div class="chat chatmessage-deeznutskong"><strong style="color:#2f9361"><small>+</small><span class="username" data-name="Deez Nuts Kong">Deez Nuts Kong</span>:</strong> <em>the bossaru that is</em></div><div class="chat"><small>+Paul(Paulluxx) joined</small></div><div class="chat chatmessage-jmssalltheway"><strong style="color:#bc17de"><small>☆</small><span class="username" data-name="jmssalltheway">jmssalltheway</span>:</strong> <em>is there a /calc for this?</em></div><div class="chat chatmessage-zxgzxg"><strong style="color:#8f19ef"><small>+</small><span class="username" data-name="zxgzxg">zxgzxg</span>:</strong> <em>no</em></div><div class="chat chatmessage-zxgzxg"><strong style="color:#8f19ef"><small>+</small><span class="username" data-name="zxgzxg">zxgzxg</span>:</strong> <em>input stats urself lololol</em></div><div class="chat chatmessage-deeznutskong"><strong style="color:#2f9361"><small>+</small><span class="username" data-name="Deez Nuts Kong">Deez Nuts Kong</span>:</strong> <em>unfortunately no you just have to edit stuff from the main showdown damage calc</em></div><div class="chat chatmessage-deeznutskong"><strong style="color:#2f9361"><small>+</small><span class="username" data-name="Deez Nuts Kong">Deez Nuts Kong</span>:</strong> <em>i might be able to make one next week though</em></div><div class="chat chatmessage-earlio2"><strong style="color:#60923a"><small>+</small><span class="username" data-name="earlio2">earlio2</span>:</strong> <em>lol</em></div><div class="chat chatmessage-zxgzxg"><strong style="color:#8f19ef"><small>+</small><span class="username" data-name="zxgzxg">zxgzxg</span>:</strong> <em>also am noticing a stray white pixel on cellsius</em></div><div class="chat chatmessage-scoopapa mine"><strong style="color:#569509"><small>☆</small><span class="username" data-name="scoopapa">scoopapa</span>:</strong> <em>its your monitor</em></div><div class="chat chatmessage-zxgzxg"><strong style="color:#8f19ef"><small>+</small><span class="username" data-name="zxgzxg">zxgzxg</span>:</strong> <em>ur right</em></div><div class="chat chatmessage-bobsican"><strong style="color:#b30ed8"><small>+</small><span class="username" data-name="Bobsican">Bobsican</span>:</strong> <em>I can see it, on the tail</em></div><div class="chat chatmessage-earlio2"><strong style="color:#60923a"><small>+</small><span class="username" data-name="earlio2">earlio2</span>:</strong> <em>lol</em></div><div class="chat chatmessage-zxgzxg"><strong style="color:#8f19ef"><small>+</small><span class="username" data-name="zxgzxg">zxgzxg</span>:</strong> <em>scoop never makes mistankes</em></div><div class="spacer battle-history"><br></div><div class="battle-history">jmssalltheway sent out <strong>Sorree</strong>!<br></div><div class="battle-history">[The opposing Sorree's Unnerve]<br><small>Your team is too nervous to eat Berries!</small><br></div><div class="battle-history"><small>The opposing Sorree was hurt by the spikes!</small><br></div><div class="spacer battle-history"><br></div><h2 class="battle-history">Turn 21</h2><div class="chat chatmessage-paulpaulluxx"><strong style="color:#17849a"><small>+</small><span class="username" data-name="Paul(Paulluxx)">Paul(Paulluxx)</span>:</strong> <em>its definitely your moniter yeah lmao</em></div><div class="chat chatmessage-paulpaulluxx"><strong style="color:#17849a"><small>+</small><span class="username" data-name="Paul(Paulluxx)">Paul(Paulluxx)</span>:</strong> <em>nah the tail is shading </em></div><div class="chat chatmessage-zcopen"><strong style="color:#226dd7"><small>+</small><span class="username" data-name="ZCopen">ZCopen</span>:</strong> <em>sprite fail!!!!!</em></div><div class="chat chatmessage-jmssalltheway"><strong style="color:#bc17de"><small>☆</small><span class="username" data-name="jmssalltheway">jmssalltheway</span>:</strong> <em>how tf do you input stats</em></div><div class="chat chatmessage-paulpaulluxx"><strong style="color:#17849a"><small>+</small><span class="username" data-name="Paul(Paulluxx)">Paul(Paulluxx)</span>:</strong> <em>just click on the box</em></div><div class="chat chatmessage-zxgzxg"><strong style="color:#8f19ef"><small>+</small><span class="username" data-name="zxgzxg">zxgzxg</span>:</strong> <em>wait a sec</em></div><div class="chat chatmessage-scoopapa mine"><strong style="color:#569509"><small>☆</small><span class="username" data-name="scoopapa">scoopapa</span>:</strong> <em>there are some white pixels on the tail bc its glass</em></div><div class="chat chatmessage-scoopapa mine"><strong style="color:#569509"><small>☆</small><span class="username" data-name="scoopapa">scoopapa</span>:</strong> <em>maybe wasn't a good move</em></div><div class="chat chatmessage-deeznutskong"><strong style="color:#2f9361"><small>+</small><span class="username" data-name="Deez Nuts Kong">Deez Nuts Kong</span>:</strong> <em>if you go to the damage calc for like primarina for example you can edit the 126 for base spatk into whatever cellsius has</em></div><div class="chat chatmessage-deeznutskong"><strong style="color:#2f9361"><small>+</small><span class="username" data-name="Deez Nuts Kong">Deez Nuts Kong</span>:</strong> <em>ok cellsius has 127 lmao</em></div><div class="chat chatmessage-jmssalltheway"><strong style="color:#bc17de"><small>☆</small><span class="username" data-name="jmssalltheway">jmssalltheway</span>:</strong> <em>oh</em></div><div class="chat chatmessage-paulpaulluxx"><strong style="color:#17849a"><small>+</small><span class="username" data-name="Paul(Paulluxx)">Paul(Paulluxx)</span>:</strong> <em>127</em></div><div class="chat chatmessage-paulpaulluxx"><strong style="color:#17849a"><small>+</small><span class="username" data-name="Paul(Paulluxx)">Paul(Paulluxx)</span>:</strong> <em>yeah</em></div><div class="chat chatmessage-earlio2"><strong style="color:#60923a"><small>+</small><span class="username" data-name="earlio2">earlio2</span>:</strong> <em>calc these nuts </em></div><div class="chat chatmessage-paulpaulluxx"><strong style="color:#17849a"><small>+</small><span class="username" data-name="Paul(Paulluxx)">Paul(Paulluxx)</span>:</strong> <em>already am</em></div><div class="chat chatmessage-jmssalltheway"><strong style="color:#bc17de"><small>☆</small><span class="username" data-name="jmssalltheway">jmssalltheway</span>:</strong> <em>!dt cellsius</em></div><div class="chat"><div class="message"><ul class="utilichart"><li class="result"><span class="col numcol">Restrictions</span> <span class="col iconcol"><span class="picon" style="background: transparent url(&quot;https://raw.githubusercontent.com/scoopapa/dh/master/data/mods/restrictions/sprites/icons/cellsius.png&quot;) no-repeat scroll -0px -0px"></span></span> <span class="col pokemonnamecol" style="white-space: nowrap"><a href="https://dex.pokemonshowdown.com/pokemon/cellsius" target="_blank" rel="noopener">Cellsius</a></span> <span class="col typecol"><img src="https://dragonheaven.herokuapp.com/sprites/types/Water.png" alt="Water" height="14" width="32"><img src="https://dragonheaven.herokuapp.com/sprites/types/Fairy.png" alt="Fairy" height="14" width="32"></span> <span style="float: left ; min-height: 26px"><span class="col abilitycol">Beast Boost</span><span class="col abilitycol"></span></span><span style="float: left ; min-height: 26px"><span class="col statcol"><em>HP</em><br>59</span> <span class="col statcol"><em>Atk</em><br>103</span> <span class="col statcol"><em>Def</em><br>83</span> <span class="col statcol"><em>SpA</em><br>127</span> <span class="col statcol"><em>SpD</em><br>97</span> <span class="col statcol"><em>Spe</em><br>101</span> <span class="col bstcol"><em>BST<br>570</em></span> </span></li><li style="clear: both"></li></ul></div></div><div class="chat"><font size="1"><font color="#686868">Dex#:</font> 1053&nbsp;|  <font color="#686868">Gen:</font> 8&nbsp;|  <font color="#686868">Height:</font> 0 m&nbsp;|  <font color="#686868">Weight:</font> 18 kg <em>(40 BP)</em>&nbsp;|  Egg Group(s)&nbsp;|  <font color="#686868">Does Not Evolve</font></font></div><div class="chat chatmessage-earlio2"><strong style="color:#60923a"><small>+</small><span class="username" data-name="earlio2">earlio2</span>:</strong> <em>intensr</em></div><div class="chat chatmessage-zxgzxg"><strong style="color:#8f19ef"><small>+</small><span class="username" data-name="zxgzxg">zxgzxg</span>:</strong> <em>calc battle</em></div><div class="chat chatmessage-zxgzxg"><strong style="color:#8f19ef"><small>+</small><span class="username" data-name="zxgzxg">zxgzxg</span>:</strong> <em>now available on nintendo switch</em></div><div class="chat chatmessage-zcopen"><strong style="color:#226dd7"><small>+</small><span class="username" data-name="ZCopen">ZCopen</span>:</strong> <em>everyone in pmpl allergic to the timer istg</em></div><div class="chat chatmessage-zxgzxg"><strong style="color:#8f19ef"><small>+</small><span class="username" data-name="zxgzxg">zxgzxg</span>:</strong> <em>shhh dont talk abt the timer</em></div><div class="chat chatmessage-zxgzxg"><strong style="color:#8f19ef"><small>+</small><span class="username" data-name="zxgzxg">zxgzxg</span>:</strong> <em>thats ghosting!!!!!</em></div><div class="chat chatmessage-zcopen"><strong style="color:#226dd7"><small>+</small><span class="username" data-name="ZCopen">ZCopen</span>:</strong> <em>oh shit time to get banned for ghosting</em></div><div class="chat chatmessage-earlio2"><strong style="color:#60923a"><small>+</small><span class="username" data-name="earlio2">earlio2</span>:</strong> <em>timer</em></div><div class="chat"><small>+EeveeGirl1380 joined</small></div><div class="chat chatmessage-eeveegirl1380"><strong style="color:#7b6dd7"><small>+</small><span class="username" data-name="EeveeGirl1380">EeveeGirl1380</span>:</strong> <em>Timer doesn’t exist</em></div><div class="spacer battle-history"><br></div><div class="battle-history">The opposing Sorree used <strong>U-turn</strong>!<br></div><div class="battle-history"><small>It's not very effective...</small><br></div><div class="battle-history"><small>(Cellsius lost <abbr title="−57/259">22.0%</abbr> of its health!)</small><br></div><div class="chat chatmessage-zcopen"><strong style="color:#226dd7"><small>+</small><span class="username" data-name="ZCopen">ZCopen</span>:</strong> <em>coaching!!!!</em></div><div class="spacer battle-history"><br></div><div class="battle-history">The opposing Sorree went back to jmssalltheway!<br></div><div class="battle-history">jmssalltheway sent out <strong>Thuco-Tuco</strong>!<br></div><div class="chat"><ul class="utilichart"><li class="result"><span class="col pokemonnamecol" style="white-space: nowrap">Thuco-Tuco</span> <span class="col typecol"><img src="https://dragonheaven.herokuapp.com/sprites/types/Ground.png" alt="Ground" height="14" width="32"></span> <span style="float: left ; min-height: 26px"><span class="col abilitycol">Intimidate / Sturdy / Sand Spit</span><span class="col abilitycol"></span></span></li><li style="clear: both"></li></ul></div><div class="chat"><ul class="utilichart"><li class="result"><span style="float: left ; min-height: 26px"><span class="col statcol"><em>HP</em><br>120</span> <span class="col statcol"><em>Atk</em><br>95</span> <span class="col statcol"><em>Def</em><br>85</span> <span class="col statcol"><em>SpA</em><br>65</span> <span class="col statcol"><em>SpD</em><br>65</span> <span class="col statcol"><em>Spe</em><br>30</span> </span></li><li style="clear: both"></li></ul></div><div class="battle-history"><small>The opposing Thuco-Tuco was hurt by the spikes!</small><br></div><div class="battle-history">[The opposing Thuco-Tuco's Intimidate]<br></div><div class="battle-history"><small>Cellsius's Attack fell!</small><br></div><div class="spacer battle-history"><br></div><div class="battle-history">Cellsius used <strong>Moonblast</strong>!<br></div><div class="battle-history"><small>(The opposing Thuco-Tuco lost 76% of its health!)</small><br></div><div class="spacer battle-history"><br></div><div class="battle-history">The opposing Thuco-Tuco fainted!<br></div><div class="battle-history">[Cellsius's Beast Boost]<br></div><div class="battle-history"><small>Cellsius's Sp. Atk rose!</small><br></div><div class="chat chatmessage-bobsican"><strong style="color:#b30ed8"><small>+</small><span class="username" data-name="Bobsican">Bobsican</span>:</strong> <em>Some big ghosting: Win</em></div><div class="spacer battle-history"><br></div><div class="battle-history">jmssalltheway sent out <strong>Sorree</strong>!<br></div><div class="battle-history">[The opposing Sorree's Unnerve]<br><small>Your team is too nervous to eat Berries!</small><br></div><div class="battle-history"><small>The opposing Sorree was hurt by the spikes!</small><br></div><div class="spacer battle-history"><br></div><h2 class="battle-history">Turn 22</h2><div class="spacer battle-history"><br></div><div class="battle-history">The opposing Sorree used <strong>Knock Off</strong>!<br></div><div class="battle-history"><small>It's not very effective...</small><br></div><div class="battle-history"><small>(Cellsius lost <abbr title="−64/259">24.7%</abbr> of its health!)</small><br></div><div class="battle-history"><small>The opposing Sorree knocked off Cellsius's Choice Scarf!</small><br></div><div class="spacer battle-history"><br></div><div class="battle-history">Cellsius fainted!<br></div><div class="spacer battle-history"><br></div><div class="battle-history">Go! <strong>Thuco-Tuco</strong>!<br></div><div class="battle-history"><small>Thuco-Tuco was hurt by the spikes!</small><br></div><div class="chat"><ul class="utilichart"><li class="result"><span class="col pokemonnamecol" style="white-space: nowrap">Thuco-Tuco</span> <span class="col typecol"><img src="https://dragonheaven.herokuapp.com/sprites/types/Ground.png" alt="Ground" height="14" width="32"></span> <span style="float: left ; min-height: 26px"><span class="col abilitycol">Intimidate / Sturdy / Sand Spit</span><span class="col abilitycol"></span></span></li><li style="clear: both"></li></ul></div><div class="chat"><ul class="utilichart"><li class="result"><span style="float: left ; min-height: 26px"><span class="col statcol"><em>HP</em><br>120</span> <span class="col statcol"><em>Atk</em><br>95</span> <span class="col statcol"><em>Def</em><br>85</span> <span class="col statcol"><em>SpA</em><br>65</span> <span class="col statcol"><em>SpD</em><br>65</span> <span class="col statcol"><em>Spe</em><br>30</span> </span></li><li style="clear: both"></li></ul></div><div class="battle-history">[Thuco-Tuco's Intimidate]<br></div><div class="battle-history"><small>The opposing Sorree's Attack fell!</small><br></div><div class="spacer battle-history"><br></div><h2 class="battle-history">Turn 23</h2><div class="spacer battle-history"><br></div><div class="battle-history">The opposing Sorree used <strong>Knock Off</strong>!<br></div><div class="battle-history"><small>(Thuco-Tuco lost <abbr title="−99/444">22.3%</abbr> of its health!)</small><br></div><div class="battle-history"><small>The opposing Sorree was hurt by the Rocky Helmet!</small><br></div><div class="battle-history"><small>The opposing Sorree knocked off Thuco-Tuco's Rocky Helmet!</small><br></div><div class="spacer battle-history"><br></div><div class="battle-history">Thuco-Tuco used <strong>Rapid Spin</strong>!<br></div><div class="battle-history"><small>A critical hit!</small><br></div><div class="battle-history"><small>(The opposing Sorree lost 18% of its health!)</small><br></div><div class="battle-history"><small>Thuco-Tuco's Speed rose!</small><br></div><div class="battle-history"><small>The spikes disappeared from the ground around your team!</small><br></div><div class="spacer battle-history"><br></div><h2 class="battle-history">Turn 24</h2><div class="spacer battle-history"><br></div><div class="battle-history">The opposing Sorree used <strong>Knock Off</strong>!<br></div><div class="battle-history"><small>(Thuco-Tuco lost <abbr title="−64/444">14.4%</abbr> of its health!)</small><br></div><div class="spacer battle-history"><br></div><div class="battle-history">Thuco-Tuco used <strong>Slack Off</strong>!<br></div><div class="battle-history"><small>Thuco-Tuco had its HP restored.</small><br></div><div class="spacer battle-history"><br></div><h2 class="battle-history">Turn 25</h2><div class="spacer battle-history"><br></div><div class="battle-history">The opposing Sorree used <strong>Knock Off</strong>!<br></div><div class="battle-history"><small>(Thuco-Tuco lost <abbr title="−69/444">15.5%</abbr> of its health!)</small><br></div><div class="spacer battle-history"><br></div><div class="battle-history">Thuco-Tuco used <strong>Slack Off</strong>!<br></div><div class="battle-history"><small>Thuco-Tuco had its HP restored.</small><br></div><div class="spacer battle-history"><br></div><h2 class="battle-history">Turn 26</h2><div class="spacer battle-history"><br></div><div class="battle-history">The opposing Sorree used <strong>Knock Off</strong>!<br></div><div class="battle-history"><small>(Thuco-Tuco lost <abbr title="−73/444">16.4%</abbr> of its health!)</small><br></div><div class="spacer battle-history"><br></div><div class="battle-history">Thuco-Tuco used <strong>Thousand Arrows</strong>!<br></div><div class="battle-history"><small>(The opposing Sorree lost 16% of its health!)</small><br></div><div class="spacer battle-history"><br></div><div class="battle-history">The opposing Sorree fainted!<br></div><div class="chat chatmessage-zcopen"><strong style="color:#226dd7"><small>+</small><span class="username" data-name="ZCopen">ZCopen</span>:</strong> <em>throw?????</em></div><div class="chat chatmessage-earlio2"><strong style="color:#60923a"><small>+</small><span class="username" data-name="earlio2">earlio2</span>:</strong> <em>yo?</em></div><div class="chat chatmessage-zxgzxg"><strong style="color:#8f19ef"><small>+</small><span class="username" data-name="zxgzxg">zxgzxg</span>:</strong> <em>catch?????</em></div><div class="chat chatmessage-eeveegirl1380"><strong style="color:#7b6dd7"><small>+</small><span class="username" data-name="EeveeGirl1380">EeveeGirl1380</span>:</strong> <em>oh??????!??</em></div><div class="chat chatmessage-deeznutskong"><strong style="color:#2f9361"><small>+</small><span class="username" data-name="Deez Nuts Kong">Deez Nuts Kong</span>:</strong> <em>catch deez nuts</em></div><div class="chat chatmessage-zxgzxg"><strong style="color:#8f19ef"><small>+</small><span class="username" data-name="zxgzxg">zxgzxg</span>:</strong> <em>NOOO</em></div><div class="chat chatmessage-zcopen"><strong style="color:#226dd7"><small>+</small><span class="username" data-name="ZCopen">ZCopen</span>:</strong> <em>so true deez nuts kong</em></div><div class="chat chatmessage-eeveegirl1380"><strong style="color:#7b6dd7"><small>+</small><span class="username" data-name="EeveeGirl1380">EeveeGirl1380</span>:</strong> <em>COME ON</em></div><div class="chat chatmessage-earlio2"><strong style="color:#60923a"><small>+</small><span class="username" data-name="earlio2">earlio2</span>:</strong> <em>W???? </em></div><div class="chat chatmessage-eeveegirl1380"><strong style="color:#7b6dd7"><small>+</small><span class="username" data-name="EeveeGirl1380">EeveeGirl1380</span>:</strong> <em>T-T</em></div><div class="spacer battle-history"><br></div><div class="battle-history">jmssalltheway sent out <strong>Crystelf</strong>!<br></div><div class="battle-history"><small>The opposing Crystelf was hurt by the spikes!</small><br></div><div class="battle-history">[The opposing Crystelf's Trace]<br>[The opposing Crystelf's Intimidate]<br><small>The opposing Crystelf traced Thuco-Tuco's Intimidate!</small><br></div><div class="battle-history">[The opposing Crystelf's Intimidate]<br></div><div class="battle-history"><small>Thuco-Tuco's Attack fell!</small><br></div><div class="spacer battle-history"><br></div><h2 class="battle-history">Turn 27</h2><div class="chat chatmessage-eeveegirl1380"><strong style="color:#7b6dd7"><small>+</small><span class="username" data-name="EeveeGirl1380">EeveeGirl1380</span>:</strong> <em>Crazy tho?!?</em></div><div class="spacer battle-history"><br></div><div class="battle-history">The opposing Crystelf used <strong>Moonblast</strong>!<br></div><div class="battle-history"><small>(Thuco-Tuco lost <abbr title="−312/444">70.3%</abbr> of its health!)</small><br></div><div class="spacer battle-history"><br></div><div class="battle-history">Thuco-Tuco used <strong>Thousand Arrows</strong>!<br></div><div class="battle-history"><small>It's super effective!</small><br></div><div class="battle-history"><small>(The opposing Crystelf lost 63% of its health!)</small><br></div><div class="spacer battle-history"><br></div><div class="battle-history">The opposing Crystelf fainted!<br></div><div class="spacer battle-history"><br></div><div class="battle-history">jmssalltheway sent out <strong>Fluidrake</strong>!<br></div><div class="battle-history"><small>The opposing Fluidrake was hurt by the spikes!</small><br></div><div class="spacer battle-history"><br></div><h2 class="battle-history">Turn 28</h2><div class="spacer battle-history"><br></div><div class="battle-history">The opposing Fluidrake used <strong>Iron Head</strong>!<br></div><div class="battle-history"><small>(Thuco-Tuco lost <abbr title="−59/444">13.3%</abbr> of its health!)</small><br></div><div class="spacer battle-history"><br></div><div class="battle-history">Thuco-Tuco fainted!<br></div><div class="chat chatmessage-tapler"><strong style="color:#b48122"><small>+</small><span class="username" data-name="Tapler ❀">Tapler ❀</span>:</strong> <em>yoooo let's go scoopo</em></div><div class="spacer battle-history"><br></div><div class="battle-history">Go! <strong>Orchile</strong>!<br></div><div class="spacer battle-history"><br></div><h2 class="battle-history">Turn 29</h2><div class="spacer battle-history"><br></div><div class="battle-history">The opposing Fluidrake used <strong>Iron Head</strong>!<br></div><div class="battle-history"><small>(Orchile lost <abbr title="−90/334">26.9%</abbr> of its health!)</small><br></div><div class="spacer battle-history"><br></div><div class="battle-history">Orchile used <strong>Strength Sap</strong>!<br></div><div class="battle-history"><small>The opposing Fluidrake's Attack fell!</small><br></div><div class="battle-history"><small>Orchile had its HP restored.</small><br></div><div class="spacer battle-history"><br></div><h2 class="battle-history">Turn 30</h2><div class="chat chatmessage-eeveegirl1380"><strong style="color:#7b6dd7"><small>+</small><span class="username" data-name="EeveeGirl1380">EeveeGirl1380</span>:</strong> <em>Yoo clutch win</em></div><div class="spacer battle-history"><br></div><div class="battle-history">The opposing Fluidrake used <strong>Iron Head</strong>!<br></div><div class="battle-history"><small>(Orchile lost <abbr title="−57/334">17.1%</abbr> of its health!)</small><br></div><div class="spacer battle-history"><br></div><div class="battle-history">Orchile flinched and couldn't move!<br></div><div class="spacer battle-history"><br></div><div class="battle-history"><small>Orchile restored a little HP using its Black Sludge!</small><br></div><div class="spacer battle-history"><br></div><h2 class="battle-history">Turn 31</h2><div class="chat chatmessage-earlio2"><strong style="color:#60923a"><small>+</small><span class="username" data-name="earlio2">earlio2</span>:</strong> <em>W</em></div><div class="spacer battle-history"><br></div><div class="battle-history">The opposing Fluidrake used <strong>Iron Head</strong>!<br></div><div class="battle-history"><small>(Orchile lost <abbr title="−54/334">16.2%</abbr> of its health!)</small><br></div><div class="spacer battle-history"><br></div><div class="battle-history">Orchile used <strong>Earth Power</strong>!<br></div><div class="battle-history"><small>It's super effective!</small><br></div><div class="battle-history"><small>(The opposing Fluidrake lost 40% of its health!)</small><br></div><div class="spacer battle-history"><br></div><div class="battle-history">The opposing Fluidrake fainted!<br></div><div class="spacer battle-history"><br></div><div class="battle-history"><strong>scoopapa</strong> won the battle!<br></div><div class="chat chatmessage-scoopapa mine"><strong style="color:#569509"><small>☆</small><span class="username" data-name="scoopapa">scoopapa</span>:</strong> <em>not yet</em></div><div class="chat chatmessage-scoopapa mine"><strong style="color:#569509"><small>☆</small><span class="username" data-name="scoopapa">scoopapa</span>:</strong> <em>ok</em></div><div class="chat chatmessage-kerosenezanchu"><strong style="color:#4094b0"><small>+</small><span class="username" data-name="KeroseneZanchu">KeroseneZanchu</span>:</strong> <em>unless</em></div><div class="chat chatmessage-scoopapa mine"><strong style="color:#569509"><small>☆</small><span class="username" data-name="scoopapa">scoopapa</span>:</strong> <em>gg</em></div><div class="chat chatmessage-piikiki4"><strong style="color:#0ea80c"><small>~</small><span class="username" data-name="piikiki4">piikiki4</span>:</strong> <em>manucomback time?</em></div><div class="chat chatmessage-kerosenezanchu"><strong style="color:#4094b0"><small>+</small><span class="username" data-name="KeroseneZanchu">KeroseneZanchu</span>:</strong> <em>rip</em></div><div class="chat chatmessage-deeznutskong"><strong style="color:#2f9361"><small>+</small><span class="username" data-name="Deez Nuts Kong">Deez Nuts Kong</span>:</strong> <em>ok ggwp</em></div><div class="chat chatmessage-earlio2"><strong style="color:#60923a"><small>+</small><span class="username" data-name="earlio2">earlio2</span>:</strong> <em> YES</em></div><div class="chat chatmessage-jmssalltheway"><strong style="color:#bc17de"><small>☆</small><span class="username" data-name="jmssalltheway">jmssalltheway</span>:</strong> <em>gg</em></div><div class="chat"><small>☆jmssalltheway left</small></div><div class="chat chatmessage-earlio2"><strong style="color:#60923a"><small>+</small><span class="username" data-name="earlio2">earlio2</span>:</strong> <em>MANICUNO 3-4</em></div><div class="chat chatmessage-kerosenezanchu"><strong style="color:#4094b0"><small>+</small><span class="username" data-name="KeroseneZanchu">KeroseneZanchu</span>:</strong> <em>ggwp</em></div><div class="chat chatmessage-kerosenezanchu"><strong style="color:#4094b0"><small>+</small><span class="username" data-name="KeroseneZanchu">KeroseneZanchu</span>:</strong> <em>both</em></div><div class="chat chatmessage-eeveegirl1380"><strong style="color:#7b6dd7"><small>+</small><span class="username" data-name="EeveeGirl1380">EeveeGirl1380</span>:</strong> <em>Gg dang</em></div><div class="chat chatmessage-zcopen"><strong style="color:#226dd7"><small>+</small><span class="username" data-name="ZCopen">ZCopen</span>:</strong> <em>imagine how embarressing it would have been to lose this</em></div><div class="chat chatmessage-earlio2"><strong style="color:#60923a"><small>+</small><span class="username" data-name="earlio2">earlio2</span>:</strong> <em>1 manicunillion</em></div><div class="chat chatmessage-scoopapa mine"><strong style="color:#569509"><small>☆</small><span class="username" data-name="scoopapa">scoopapa</span>:</strong> <em>^thanks</em></div><div class="chat chatmessage-eeveegirl1380"><strong style="color:#7b6dd7"><small>+</small><span class="username" data-name="EeveeGirl1380">EeveeGirl1380</span>:</strong> <em>Flinch hax </em></div><div class="chat chatmessage-scoopapa mine"><strong style="color:#569509"><small>☆</small><span class="username" data-name="scoopapa">scoopapa</span>:</strong> <em>i love that going into every game</em></div><div class="chat chatmessage-deeznutskong"><strong style="color:#2f9361"><small>+</small><span class="username" data-name="Deez Nuts Kong">Deez Nuts Kong</span>:</strong> <em>thankfully i did not lose this battle</em></div><div class="chat"><small>+EeveeGirl1380 left</small></div><div class="chat chatmessage-zcopen"><strong style="color:#226dd7"><small>+</small><span class="username" data-name="ZCopen">ZCopen</span>:</strong> <em>the pressure is on scoop....</em></div><div class="chat chatmessage-earlio2"><strong style="color:#60923a"><small>+</small><span class="username" data-name="earlio2">earlio2</span>:</strong> <em>saved </em></div><div class="chat chatmessage-scoopapa mine"><strong style="color:#569509"><small>☆</small><span class="username" data-name="scoopapa">scoopapa</span>:</strong> <em>its that extra 8k</em></div><div class="chat chatmessage-scoopapa mine"><strong style="color:#569509"><small>☆</small><span class="username" data-name="scoopapa">scoopapa</span>:</strong> <em>the feather that breaks the camels back</em></div><div class="chat"><small>+earlio2 left</small></div><div class="chat chatmessage-tapler"><strong style="color:#b48122"><small>+</small><span class="username" data-name="Tapler ❀">Tapler ❀</span>:</strong> <em>great match fr</em></div><div class="chat"><small>+KeroseneZanchu, +ZCopen, and +Deez Nuts Kong left</small></div></div><div class="inner-preempt message-log"></div></div></div>
</div>
<script>
let daily = Math.floor(Date.now()/1000/60/60/24);document.write('<script src="http://petmodsdh.com/js/replay-embed.js?version'+daily+'"></'+'script>');
</script>
