<!DOCTYPE html>
<meta charset="utf-8" />
<!-- version 1 -->
<title>[Gen 8] Fusion Evolution UU replay: isocon vs. earlio2</title>
<style>
html,body {font-family:Verdana, sans-serif;font-size:10pt;margin:0;padding:0;}body{padding:12px 0;} .battle-log {font-family:Verdana, sans-serif;font-size:10pt;} .battle-log-inline {border:1px solid #AAAAAA;background:#EEF2F5;color:black;max-width:640px;margin:0 auto 80px;padding-bottom:5px;} .battle-log .inner {padding:4px 8px 0px 8px;} .battle-log .inner-preempt {padding:0 8px 4px 8px;} .battle-log .inner-after {margin-top:0.5em;} .battle-log h2 {margin:0.5em -8px;padding:4px 8px;border:1px solid #AAAAAA;background:#E0E7EA;border-left:0;border-right:0;font-family:Verdana, sans-serif;font-size:13pt;} .battle-log .chat {vertical-align:middle;padding:3px 0 3px 0;font-size:8pt;} .battle-log .chat strong {color:#40576A;} .battle-log .chat em {padding:1px 4px 1px 3px;color:#000000;font-style:normal;} .chat.mine {background:rgba(0,0,0,0.05);margin-left:-8px;margin-right:-8px;padding-left:8px;padding-right:8px;} .spoiler {color:#BBBBBB;background:#BBBBBB;padding:0px 3px;} .spoiler:hover, .spoiler:active, .spoiler-shown {color:#000000;background:#E2E2E2;padding:0px 3px;} .spoiler a {color:#BBBBBB;} .spoiler:hover a, .spoiler:active a, .spoiler-shown a {color:#2288CC;} .chat code, .chat .spoiler:hover code, .chat .spoiler:active code, .chat .spoiler-shown code {border:1px solid #C0C0C0;background:#EEEEEE;color:black;padding:0 2px;} .chat .spoiler code {border:1px solid #CCCCCC;background:#CCCCCC;color:#CCCCCC;} .battle-log .rated {padding:3px 4px;} .battle-log .rated strong {color:white;background:#89A;padding:1px 4px;border-radius:4px;} .spacer {margin-top:0.5em;} .message-announce {background:#6688AA;color:white;padding:1px 4px 2px;} .message-announce a, .broadcast-green a, .broadcast-blue a, .broadcast-red a {color:#DDEEFF;} .broadcast-green {background-color:#559955;color:white;padding:2px 4px;} .broadcast-blue {background-color:#6688AA;color:white;padding:2px 4px;} .infobox {border:1px solid #6688AA;padding:2px 4px;} .infobox-limited {max-height:200px;overflow:auto;overflow-x:hidden;} .broadcast-red {background-color:#AA5544;color:white;padding:2px 4px;} .message-learn-canlearn {font-weight:bold;color:#228822;text-decoration:underline;} .message-learn-cannotlearn {font-weight:bold;color:#CC2222;text-decoration:underline;} .message-effect-weak {font-weight:bold;color:#CC2222;} .message-effect-resist {font-weight:bold;color:#6688AA;} .message-effect-immune {font-weight:bold;color:#666666;} .message-learn-list {margin-top:0;margin-bottom:0;} .message-throttle-notice, .message-error {color:#992222;} .message-overflow, .chat small.message-overflow {font-size:0pt;} .message-overflow::before {font-size:9pt;content:'...';} .subtle {color:#3A4A66;}
</style>
<div class="wrapper replay-wrapper" style="max-width:1180px;margin:0 auto">
<input type="hidden" name="replayid" value="dragonheaven-gen8fusionevolutionuu-13" />
<div class="battle"></div><div class="battle-log"></div><div class="replay-controls"></div><div class="replay-controls-2"></div>
<h1 style="font-weight:normal;text-align:center"><strong>[Gen 8] Fusion Evolution UU</strong><br /><a href="http://pokemonshowdown.com/users/isocon" class="subtle" target="_blank">isocon</a> vs. <a href="http://pokemonshowdown.com/users/earlio2" class="subtle" target="_blank">earlio2</a></h1>
<script type="text/plain" class="battle-log-data">|j|☆isocon
|j|☆earlio2
|t:|1652645340
|player|p1|isocon|aromalady|
|player|p2|earlio2|265|
|teamsize|p1|6
|teamsize|p2|6
|gametype|singles
|gen|8
|tier|[Gen 8] Fusion Evolution UU
|clearpoke
|poke|p1|Hattaka, M|
|poke|p1|Avarupt, M|
|poke|p1|Porygrigus, M|
|poke|p1|Crawmise, M|
|poke|p1|Buzzeggutor-Alola, M|
|poke|p1|Mesflame, F|
|poke|p2|Arctovic, F|
|poke|p2|Ninelands-Alola, M|
|poke|p2|Flygalge, F|
|poke|p2|Weezlord-Galar, F|
|poke|p2|Gossephalon, M|
|poke|p2|Corveot, M|
|rule|HP Percentage Mod: HP is shown in percentages
|rule|Endless Battle Clause: Forcing endless battles is banned
|rule|OHKO Clause: OHKO moves are banned
|rule|Evasion Moves Clause: Evasion moves are banned
|rule|Species Clause: Limit one of each Pokémon
|rule|Dynamax Clause: You cannot dynamax
|rule|Sleep Clause Mod: Limit one foe put to sleep
|rule|Z-Move Clause: Z-Moves are banned
|teampreview
|c|☆isocon|glhf
|c|☆earlio2|u2
|j|~scoopapa

|
|t:|1652645391
|start
|switch|p1a: Hattaka|Hattaka, M|100\/100
|switch|p2a: chevy malibu|Gossephalon, M, shiny|100\/100
|-start|p2a: chevy malibu|typechange|Grass\/Fire|[silent]
|raw|<ul class="utilichart"><li class="result"><span class="col pokemonnamecol" style="white-space: nowrap">Gossephalon<\/span> <span class="col typecol"><img src="https:\/\/dragonheaven.herokuapp.com\/sprites\/types\/Grass.png" alt="Grass" height="14" width="32"><img src="https:\/\/dragonheaven.herokuapp.com\/sprites\/types\/Fire.png" alt="Fire" height="14" width="32"><\/span> <span style="float: left ; min-height: 26px"><span class="col abilitycol">Ultra Health<\/span><span class="col abilitycol"><\/span><\/span><\/li><li style="clear: both"><\/li><\/ul>
|raw|<ul class="utilichart"><li class="result"><span style="float: left ; min-height: 26px"><span class="col statcol"><em>HP<\/em><br>61<\/span> <span class="col statcol"><em>Atk<\/em><br>89<\/span> <span class="col statcol"><em>Def<\/em><br>71<\/span> <span class="col statcol"><em>SpA<\/em><br>127<\/span> <span class="col statcol"><em>SpD<\/em><br>101<\/span> <span class="col statcol"><em>Spe<\/em><br>103<\/span> <\/span><\/li><li style="clear: both"><\/li><\/ul>
|-start|p1a: Hattaka|typechange|Psychic\/Steel|[silent]
|raw|<ul class="utilichart"><li class="result"><span class="col pokemonnamecol" style="white-space: nowrap">Hattaka<\/span> <span class="col typecol"><img src="https:\/\/dragonheaven.herokuapp.com\/sprites\/types\/Psychic.png" alt="Psychic" height="14" width="32"><img src="https:\/\/dragonheaven.herokuapp.com\/sprites\/types\/Steel.png" alt="Steel" height="14" width="32"><\/span> <span style="float: left ; min-height: 26px"><span class="col abilitycol">Magic Beast<\/span><span class="col abilitycol"><\/span><\/span><\/li><li style="clear: both"><\/li><\/ul>
|raw|<ul class="utilichart"><li class="result"><span style="float: left ; min-height: 26px"><span class="col statcol"><em>HP<\/em><br>60<\/span> <span class="col statcol"><em>Atk<\/em><br>128<\/span> <span class="col statcol"><em>Def<\/em><br>155<\/span> <span class="col statcol"><em>SpA<\/em><br>110<\/span> <span class="col statcol"><em>SpD<\/em><br>105<\/span> <span class="col statcol"><em>Spe<\/em><br>21<\/span> <\/span><\/li><li style="clear: both"><\/li><\/ul>
|turn|1
|j|+Bobsican
|
|t:|1652645415
|move|p2a: chevy malibu|Flamethrower|p1a: Hattaka
|-supereffective|p1a: Hattaka
|-enditem|p1a: Hattaka|Focus Sash
|-damage|p1a: Hattaka|1\/100
|move|p1a: Hattaka|Trick Room|p1a: Hattaka
|-fieldstart|move: Trick Room|[of] p1a: Hattaka
|
|upkeep
|turn|2
|
|t:|1652645450
|move|p1a: Hattaka|Stealth Rock|p2a: chevy malibu
|-sidestart|p2: earlio2|move: Stealth Rock
|move|p2a: chevy malibu|Flamethrower|p1a: Hattaka
|-supereffective|p1a: Hattaka
|-damage|p1a: Hattaka|0 fnt
|faint|p1a: Hattaka
|-activate|p2a: chevy malibu|ability: Ultra Health
|
|upkeep
|j|+Tapler ❀
|
|t:|1652645504
|switch|p1a: Crawmise|Crawmise, M|100\/100
|-start|p1a: Crawmise|typechange|Dark\/Grass|[silent]
|raw|<ul class="utilichart"><li class="result"><span class="col pokemonnamecol" style="white-space: nowrap">Crawmise<\/span> <span class="col typecol"><img src="https:\/\/dragonheaven.herokuapp.com\/sprites\/types\/Dark.png" alt="Dark" height="14" width="32"><img src="https:\/\/dragonheaven.herokuapp.com\/sprites\/types\/Grass.png" alt="Grass" height="14" width="32"><\/span> <span style="float: left ; min-height: 26px"><span class="col abilitycol">Workability<\/span><span class="col abilitycol"><\/span><\/span><\/li><li style="clear: both"><\/li><\/ul>
|raw|<ul class="utilichart"><li class="result"><span style="float: left ; min-height: 26px"><span class="col statcol"><em>HP<\/em><br>80<\/span> <span class="col statcol"><em>Atk<\/em><br>125<\/span> <span class="col statcol"><em>Def<\/em><br>100<\/span> <span class="col statcol"><em>SpA<\/em><br>90<\/span> <span class="col statcol"><em>SpD<\/em><br>85<\/span> <span class="col statcol"><em>Spe<\/em><br>50<\/span> <\/span><\/li><li style="clear: both"><\/li><\/ul>
|turn|3
|c|+Tapler ❀|damn iso pulling out TR twice in a row
|
|t:|1652645522
|switch|p2a: toyota prius|Corveot, M, shiny|100\/100
|-start|p2a: toyota prius|typechange|Steel\/Flying|[silent]
|raw|<ul class="utilichart"><li class="result"><span class="col pokemonnamecol" style="white-space: nowrap">Corveot<\/span> <span class="col typecol"><img src="https:\/\/dragonheaven.herokuapp.com\/sprites\/types\/Steel.png" alt="Steel" height="14" width="32"><img src="https:\/\/dragonheaven.herokuapp.com\/sprites\/types\/Flying.png" alt="Flying" height="14" width="32"><\/span> <span style="float: left ; min-height: 26px"><span class="col abilitycol">Big Pressure<\/span><span class="col abilitycol"><\/span><\/span><\/li><li style="clear: both"><\/li><\/ul>
|raw|<ul class="utilichart"><li class="result"><span style="float: left ; min-height: 26px"><span class="col statcol"><em>HP<\/em><br>95<\/span> <span class="col statcol"><em>Atk<\/em><br>85<\/span> <span class="col statcol"><em>Def<\/em><br>110<\/span> <span class="col statcol"><em>SpA<\/em><br>70<\/span> <span class="col statcol"><em>SpD<\/em><br>80<\/span> <span class="col statcol"><em>Spe<\/em><br>85<\/span> <\/span><\/li><li style="clear: both"><\/li><\/ul>
|-damage|p2a: toyota prius|88\/100|[from] Stealth Rock
|-ability|p2a: toyota prius|Big Pressure
|move|p1a: Crawmise|Knock Off|p2a: toyota prius
|-damage|p2a: toyota prius|43\/100
|-damage|p1a: Crawmise|91\/100|[from] item: Life Orb
|
|upkeep
|turn|4
|j|+anaconja
|
|t:|1652645548
|switch|p1a: Mesflame|Mesflame, F|100\/100
|-start|p1a: Mesflame|typechange|Fire\/Psychic|[silent]
|raw|<ul class="utilichart"><li class="result"><span class="col pokemonnamecol" style="white-space: nowrap">Mesflame<\/span> <span class="col typecol"><img src="https:\/\/dragonheaven.herokuapp.com\/sprites\/types\/Fire.png" alt="Fire" height="14" width="32"><img src="https:\/\/dragonheaven.herokuapp.com\/sprites\/types\/Psychic.png" alt="Psychic" height="14" width="32"><\/span> <span style="float: left ; min-height: 26px"><span class="col abilitycol">Leviflame<\/span><span class="col abilitycol"><\/span><\/span><\/li><li style="clear: both"><\/li><\/ul>
|raw|<ul class="utilichart"><li class="result"><span style="float: left ; min-height: 26px"><span class="col statcol"><em>HP<\/em><br>95<\/span> <span class="col statcol"><em>Atk<\/em><br>95<\/span> <span class="col statcol"><em>Def<\/em><br>95<\/span> <span class="col statcol"><em>SpA<\/em><br>95<\/span> <span class="col statcol"><em>SpD<\/em><br>95<\/span> <span class="col statcol"><em>Spe<\/em><br>104<\/span> <\/span><\/li><li style="clear: both"><\/li><\/ul>
|detailschange|p2a: toyota prius|Corveot-Mega, M, shiny
|-mega|p2a: toyota prius|Corveot|Pidgeotite
|-start|p2a: toyota prius|typechange|Steel\/Flying|[silent]
|raw|<ul class="utilichart"><li class="result"><span class="col pokemonnamecol" style="white-space: nowrap">Corveot-Mega<\/span> <span class="col typecol"><img src="https:\/\/dragonheaven.herokuapp.com\/sprites\/types\/Steel.png" alt="Steel" height="14" width="32"><img src="https:\/\/dragonheaven.herokuapp.com\/sprites\/types\/Flying.png" alt="Flying" height="14" width="32"><\/span> <span style="float: left ; min-height: 26px"><span class="col abilitycol">No Guard<\/span><span class="col abilitycol"><\/span><\/span><span style="float: left ; min-height: 26px"><span class="col statcol"><em>HP<\/em><br>95<\/span> <span class="col statcol"><em>Atk<\/em><br>85<\/span> <span class="col statcol"><em>Def<\/em><br>115<\/span> <span class="col statcol"><em>SpA<\/em><br>135<\/span> <span class="col statcol"><em>SpD<\/em><br>90<\/span> <span class="col statcol"><em>Spe<\/em><br>105<\/span> <\/span><\/li><li style="clear: both"><\/li><\/ul>
|move|p2a: toyota prius|Roost|p2a: toyota prius
|-heal|p2a: toyota prius|93\/100
|-singleturn|p2a: toyota prius|move: Roost
|
|upkeep
|turn|5
|
|t:|1652645556
|switch|p2a: kia forte|Flygalge, F, shiny|100\/100
|-damage|p2a: kia forte|88\/100|[from] Stealth Rock
|-start|p2a: kia forte|typechange|Dragon\/Poison|[silent]
|raw|<ul class="utilichart"><li class="result"><span class="col pokemonnamecol" style="white-space: nowrap">Flygalge<\/span> <span class="col typecol"><img src="https:\/\/dragonheaven.herokuapp.com\/sprites\/types\/Dragon.png" alt="Dragon" height="14" width="32"><img src="https:\/\/dragonheaven.herokuapp.com\/sprites\/types\/Poison.png" alt="Poison" height="14" width="32"><\/span> <span style="float: left ; min-height: 26px"><span class="col abilitycol">Levitability<\/span><span class="col abilitycol"><\/span><\/span><\/li><li style="clear: both"><\/li><\/ul>
|raw|<ul class="utilichart"><li class="result"><span style="float: left ; min-height: 26px"><span class="col statcol"><em>HP<\/em><br>92<\/span> <span class="col statcol"><em>Atk<\/em><br>87<\/span> <span class="col statcol"><em>Def<\/em><br>103<\/span> <span class="col statcol"><em>SpA<\/em><br>88<\/span> <span class="col statcol"><em>SpD<\/em><br>103<\/span> <span class="col statcol"><em>Spe<\/em><br>72<\/span> <\/span><\/li><li style="clear: both"><\/li><\/ul>
|move|p1a: Mesflame|Flamethrower|p2a: kia forte
|-resisted|p2a: kia forte
|-crit|p2a: kia forte
|-damage|p2a: kia forte|75\/100
|
|-heal|p2a: kia forte|81\/100|[from] item: Black Sludge
|-fieldend|move: Trick Room
|upkeep
|turn|6
|
|t:|1652645566
|move|p2a: kia forte|Defog|p1a: Mesflame
|-unboost|p1a: Mesflame|evasion|1
|-sideend|p2: earlio2|Stealth Rock|[from] move: Defog|[of] p2a: kia forte
|move|p1a: Mesflame|Trick Room|p1a: Mesflame
|-fieldstart|move: Trick Room|[of] p1a: Mesflame
|
|-heal|p2a: kia forte|87\/100|[from] item: Black Sludge
|upkeep
|turn|7
|c|+anaconja|mfa players be brain broken they see various tr mons and it just happens
|
|t:|1652645582
|switch|p1a: Crawmise|Crawmise, M|91\/100
|-start|p1a: Crawmise|typechange|Dark\/Grass|[silent]
|move|p2a: kia forte|Sludge Bomb|p1a: Crawmise
|-supereffective|p1a: Crawmise
|-damage|p1a: Crawmise|9\/100
|-status|p1a: Crawmise|psn
|
|-heal|p2a: kia forte|94\/100|[from] item: Black Sludge
|-damage|p1a: Crawmise|0 fnt|[from] psn
|faint|p1a: Crawmise
|upkeep
|
|t:|1652645589
|switch|p1a: Avarupt|Avarupt, M|100\/100
|-start|p1a: Avarupt|typechange|Ice\/Ground|[silent]
|raw|<ul class="utilichart"><li class="result"><span class="col pokemonnamecol" style="white-space: nowrap">Avarupt<\/span> <span class="col typecol"><img src="https:\/\/dragonheaven.herokuapp.com\/sprites\/types\/Ice.png" alt="Ice" height="14" width="32"><img src="https:\/\/dragonheaven.herokuapp.com\/sprites\/types\/Ground.png" alt="Ground" height="14" width="32"><\/span> <span style="float: left ; min-height: 26px"><span class="col abilitycol">Permafrost<\/span><span class="col abilitycol"><\/span><\/span><\/li><li style="clear: both"><\/li><\/ul>
|raw|<ul class="utilichart"><li class="result"><span style="float: left ; min-height: 26px"><span class="col statcol"><em>HP<\/em><br>102<\/span> <span class="col statcol"><em>Atk<\/em><br>108<\/span> <span class="col statcol"><em>Def<\/em><br>127<\/span> <span class="col statcol"><em>SpA<\/em><br>94<\/span> <span class="col statcol"><em>SpD<\/em><br>60<\/span> <span class="col statcol"><em>Spe<\/em><br>34<\/span> <\/span><\/li><li style="clear: both"><\/li><\/ul>
|turn|8
|j|+regic boat
|j|+Analysis geek
|j|+moretto
|c|+moretto|tr
|c|+Bobsican|This sure is taking a while
|c|+Analysis geek|Well people gotta think
|c|+moretto|jajajaja thinking
|j|+Gekokeso
|c|+Bobsican|:monkesmart:
|
|t:|1652645693
|detailschange|p1a: Avarupt|Avarupt-Mega, M
|-mega|p1a: Avarupt|Avarupt|Cameruptite
|-start|p1a: Avarupt|typechange|Ice\/Ground|[silent]
|raw|<ul class="utilichart"><li class="result"><span class="col pokemonnamecol" style="white-space: nowrap">Avarupt-Mega<\/span> <span class="col typecol"><img src="https:\/\/dragonheaven.herokuapp.com\/sprites\/types\/Ice.png" alt="Ice" height="14" width="32"><img src="https:\/\/dragonheaven.herokuapp.com\/sprites\/types\/Ground.png" alt="Ground" height="14" width="32"><\/span> <span style="float: left ; min-height: 26px"><span class="col abilitycol">Sheer Force<\/span><span class="col abilitycol"><\/span><\/span><span style="float: left ; min-height: 26px"><span class="col statcol"><em>HP<\/em><br>102<\/span> <span class="col statcol"><em>Atk<\/em><br>128<\/span> <span class="col statcol"><em>Def<\/em><br>157<\/span> <span class="col statcol"><em>SpA<\/em><br>134<\/span> <span class="col statcol"><em>SpD<\/em><br>90<\/span> <span class="col statcol"><em>Spe<\/em><br>14<\/span> <\/span><\/li><li style="clear: both"><\/li><\/ul>
|move|p1a: Avarupt|Ice Beam|p2a: kia forte
|-supereffective|p2a: kia forte
|-damage|p2a: kia forte|12\/100
|move|p2a: kia forte|U-turn|p1a: Avarupt
|-damage|p1a: Avarupt|94\/100
|
|t:|1652645705
|switch|p2a: ford focus|Weezlord-Galar, F, shiny|100\/100|[from]move: U-turn
|-start|p2a: ford focus|typechange|Fairy\/Dark|[silent]
|raw|<ul class="utilichart"><li class="result"><span class="col pokemonnamecol" style="white-space: nowrap">Weezlord-Galar<\/span> <span class="col typecol"><img src="https:\/\/dragonheaven.herokuapp.com\/sprites\/types\/Fairy.png" alt="Fairy" height="14" width="32"><img src="https:\/\/dragonheaven.herokuapp.com\/sprites\/types\/Dark.png" alt="Dark" height="14" width="32"><\/span> <span style="float: left ; min-height: 26px"><span class="col abilitycol">Neutralizing Gas<\/span><span class="col abilitycol"><\/span><\/span><\/li><li style="clear: both"><\/li><\/ul>
|raw|<ul class="utilichart"><li class="result"><span style="float: left ; min-height: 26px"><span class="col statcol"><em>HP<\/em><br>151<\/span> <span class="col statcol"><em>Atk<\/em><br>103<\/span> <span class="col statcol"><em>Def<\/em><br>97<\/span> <span class="col statcol"><em>SpA<\/em><br>103<\/span> <span class="col statcol"><em>SpD<\/em><br>61<\/span> <span class="col statcol"><em>Spe<\/em><br>53<\/span> <\/span><\/li><li style="clear: both"><\/li><\/ul>
|
|upkeep
|turn|9
|
|t:|1652645716
|move|p1a: Avarupt|Ice Beam|p2a: ford focus
|-damage|p2a: ford focus|46\/100
|-status|p2a: ford focus|frz
|cant|p2a: ford focus|frz
|
|-heal|p2a: ford focus|52\/100 frz|[from] item: Leftovers
|upkeep
|turn|10
|c|+Bobsican|lmao
|c|+moretto|man
|c|+Gekokeso|lol
|c|☆earlio2|wait no way
|c|+Bobsican|TFW NGas works against you
|c|☆earlio2|how is that damage even possible
|c|+moretto|NGas didnt activate
|c|+moretto|LOOOOOOOOOOOL
|c|☆earlio2|but I froze??
|c|☆earlio2|wtf
|c|+Gekokeso|it literally did
|c|☆earlio2|252+ SpA Sheer Force Camerupt-Mega Ice Beam vs. 0 HP \/ 116 SpD Weezing-Galar: 183-216 (41.3 - 48.7%) -- guaranteed 3HKO
|c|+Gekokeso|134 damge
|c|+Gekokeso|just too strong i guess
|c|☆earlio2|ignore the sheer force part of the calc
|c|☆earlio2|how is this damage actually possible
|c|☆isocon|im nmi
|c|☆earlio2|u are a mega 
|c|☆isocon|so
|c|+regic boat|Avarupt-Mega
|c|+regic boat|"im nmi"
|c|☆earlio2|48 should be the max damage how did I take 55 and freeze
|c|+Analysis geek|I'm more surprised flygalge lived
|l|+Analysis geek
|l|+anaconja
|c|☆earlio2|252+ SpA Camerupt-Mega Ice Beam vs. 0 HP \/ 116 SpD Weezing-Galar: 139-164 (31.3 - 37%) -- 79.6% chance to 3HKO
|c|☆earlio2|im so confused
|j|+anaconja
|c|☆isocon|are you ice type camerupt
|c|☆earlio2|oh :skull:
|c|+Tapler ❀|rip
|
|t:|1652645869
|switch|p2a: kia forte|Flygalge, F, shiny|12\/100
|-start|p2a: kia forte|typechange|Dragon\/Poison|[silent]
|move|p1a: Avarupt|Ice Beam|p2a: kia forte
|-supereffective|p2a: kia forte
|-damage|p2a: kia forte|0 fnt
|faint|p2a: kia forte
|
|-fieldend|move: Trick Room
|upkeep
|c|+anaconja|bruv moment
|j|+EeveeGirl1380
|c|+EeveeGirl1380|lol
|c|☆earlio2|we stay goofy
|c|☆earlio2|freeze stull fucked tho
|j|~AquaticPanic
|j|+Analysis geek
|c|+Bobsican|252+ SpA Avarupt-Mega Ice Beam vs. 0 HP \/ 116 SpD Weezlord-Galar: 208-246 (46.9 - 55.5%) -- 73.4% chance to 2HKO
|c|☆earlio2|max roll :no
|c|+Tapler ❀|first ever mava freeze probably
|
|t:|1652645910
|switch|p2a: nissan pulsar|Arctovic, F, shiny|100\/100
|-start|p2a: nissan pulsar|typechange|Grass\/Ice|[silent]
|raw|<ul class="utilichart"><li class="result"><span class="col pokemonnamecol" style="white-space: nowrap">Arctovic<\/span> <span class="col typecol"><img src="https:\/\/dragonheaven.herokuapp.com\/sprites\/types\/Grass.png" alt="Grass" height="14" width="32"><img src="https:\/\/dragonheaven.herokuapp.com\/sprites\/types\/Ice.png" alt="Ice" height="14" width="32"><\/span> <span style="float: left ; min-height: 26px"><span class="col abilitycol">Extremophile<\/span><span class="col abilitycol"><\/span><\/span><\/li><li style="clear: both"><\/li><\/ul>
|raw|<ul class="utilichart"><li class="result"><span style="float: left ; min-height: 26px"><span class="col statcol"><em>HP<\/em><br>85<\/span> <span class="col statcol"><em>Atk<\/em><br>106<\/span> <span class="col statcol"><em>Def<\/em><br>79<\/span> <span class="col statcol"><em>SpA<\/em><br>111<\/span> <span class="col statcol"><em>SpD<\/em><br>75<\/span> <span class="col statcol"><em>Spe<\/em><br>80<\/span> <\/span><\/li><li style="clear: both"><\/li><\/ul>
|turn|11
|
|t:|1652645917
|switch|p1a: Mesflame|Mesflame, F|100\/100
|-start|p1a: Mesflame|typechange|Fire\/Psychic|[silent]
|move|p2a: nissan pulsar|Substitute|p2a: nissan pulsar
|-start|p2a: nissan pulsar|Substitute
|-damage|p2a: nissan pulsar|76\/100
|
|upkeep
|turn|12
|
|t:|1652645921
|move|p1a: Mesflame|Flamethrower|p2a: nissan pulsar
|-supereffective|p2a: nissan pulsar
|-end|p2a: nissan pulsar|Substitute
|move|p2a: nissan pulsar|Bolt Beak|p1a: Mesflame
|-damage|p1a: Mesflame|74\/100
|
|upkeep
|turn|13
|
|t:|1652645939
|switch|p2a: ford focus|Weezlord-Galar, F, shiny|52\/100 frz
|-start|p2a: ford focus|typechange|Fairy\/Dark|[silent]
|move|p1a: Mesflame|Flamethrower|p2a: ford focus
|-damage|p2a: ford focus|25\/100 frz
|-curestatus|p2a: ford focus|frz|[msg]
|
|-heal|p2a: ford focus|31\/100|[from] item: Leftovers
|upkeep
|turn|14
|
|t:|1652645963
|move|p1a: Mesflame|Flamethrower|p2a: ford focus
|-damage|p2a: ford focus|3\/100
|-status|p2a: ford focus|brn
|move|p2a: ford focus|Dark Pulse|p1a: Mesflame
|-supereffective|p1a: Mesflame
|-damage|p1a: Mesflame|24\/100
|
|-heal|p2a: ford focus|9\/100 brn|[from] item: Leftovers
|-damage|p2a: ford focus|3\/100 brn|[from] brn
|upkeep
|turn|15
|c|☆earlio2|man
|c|+EeveeGirl1380|ALL THE STATUS EFFECTS
|c|~AquaticPanic|earl's only weakness
|c|+Bobsican|RNG is hilarous right now
|c|~AquaticPanic|hax
|c|☆earlio2|I fucking hate this game
|c|+EeveeGirl1380|And miscalcing
|c|☆earlio2|miscalc is whatever I still lived the 2HKO after leftie
|c|+Bobsican|I presume Earl forgot about STAB
|c|+Tapler ❀|they already confirmed that
|c|+EeveeGirl1380|lol
|c|☆earlio2|252+ SpA Camerupt-Mega Ice Beam vs. 0 HP \/ 116 SpD Weezing-Galar: 208-246 (46.9 - 55.5%) -- 17.6% chance to 2HKO after Leftovers recovery
|c|☆earlio2|this is the calc now
|
|t:|1652646041
|switch|p2a: chevy malibu|Gossephalon, M, shiny|100\/100
|-start|p2a: chevy malibu|typechange|Grass\/Fire|[silent]
|move|p1a: Mesflame|Flamethrower|p2a: chevy malibu
|-damage|p2a: chevy malibu|60\/100
|
|upkeep
|turn|16
|c|+EeveeGirl1380|Oh wow I didn’t realize ghat
|
|t:|1652646054
|switch|p1a: Buzzeggutor-Alola|Buzzeggutor-Alola, M|100\/100
|-start|p1a: Buzzeggutor-Alola|typechange|Dragon\/Fighting|[silent]
|raw|<ul class="utilichart"><li class="result"><span class="col pokemonnamecol" style="white-space: nowrap">Buzzeggutor-Alola<\/span> <span class="col typecol"><img src="https:\/\/dragonheaven.herokuapp.com\/sprites\/types\/Dragon.png" alt="Dragon" height="14" width="32"><img src="https:\/\/dragonheaven.herokuapp.com\/sprites\/types\/Fighting.png" alt="Fighting" height="14" width="32"><\/span> <span style="float: left ; min-height: 26px"><span class="col abilitycol">Ultra Scout<\/span><span class="col abilitycol"><\/span><\/span><\/li><li style="clear: both"><\/li><\/ul>
|raw|<ul class="utilichart"><li class="result"><span style="float: left ; min-height: 26px"><span class="col statcol"><em>HP<\/em><br>101<\/span> <span class="col statcol"><em>Atk<\/em><br>127<\/span> <span class="col statcol"><em>Def<\/em><br>127<\/span> <span class="col statcol"><em>SpA<\/em><br>89<\/span> <span class="col statcol"><em>SpD<\/em><br>79<\/span> <span class="col statcol"><em>Spe<\/em><br>67<\/span> <\/span><\/li><li style="clear: both"><\/li><\/ul>
|-ability|p1a: Buzzeggutor-Alola|Ultra Scout
|-message|chevy malibu is most proficient in Special Attack!
|move|p2a: chevy malibu|Flamethrower|p1a: Buzzeggutor-Alola
|-resisted|p1a: Buzzeggutor-Alola
|-damage|p1a: Buzzeggutor-Alola|66\/100
|
|-heal|p1a: Buzzeggutor-Alola|72\/100|[from] item: Leftovers
|upkeep
|turn|17
|
|t:|1652646066
|switch|p2a: toyota prius|Corveot-Mega, M, shiny|93\/100
|-start|p2a: toyota prius|typechange|Steel\/Flying|[silent]
|-start|p2a: toyota prius|typechange|Steel\/Flying|[silent]
|move|p1a: Buzzeggutor-Alola|Trick Room|p1a: Buzzeggutor-Alola
|-fieldstart|move: Trick Room|[of] p1a: Buzzeggutor-Alola
|
|-heal|p1a: Buzzeggutor-Alola|78\/100|[from] item: Leftovers
|upkeep
|turn|18
|
|t:|1652646075
|switch|p1a: Porygrigus|Porygrigus, M|100\/100
|-start|p1a: Porygrigus|typechange|Normal\/Ghost|[silent]
|raw|<ul class="utilichart"><li class="result"><span class="col pokemonnamecol" style="white-space: nowrap">Porygrigus<\/span> <span class="col typecol"><img src="https:\/\/dragonheaven.herokuapp.com\/sprites\/types\/Normal.png" alt="Normal" height="14" width="32"><img src="https:\/\/dragonheaven.herokuapp.com\/sprites\/types\/Ghost.png" alt="Ghost" height="14" width="32"><\/span> <span style="float: left ; min-height: 26px"><span class="col abilitycol">Pillage<\/span><span class="col abilitycol"><\/span><\/span><\/li><li style="clear: both"><\/li><\/ul>
|raw|<ul class="utilichart"><li class="result"><span style="float: left ; min-height: 26px"><span class="col statcol"><em>HP<\/em><br>71<\/span> <span class="col statcol"><em>Atk<\/em><br>65<\/span> <span class="col statcol"><em>Def<\/em><br>130<\/span> <span class="col statcol"><em>SpA<\/em><br>108<\/span> <span class="col statcol"><em>SpD<\/em><br>100<\/span> <span class="col statcol"><em>Spe<\/em><br>45<\/span> <\/span><\/li><li style="clear: both"><\/li><\/ul>
|-activate|p1a: Porygrigus|ability: Pillage
|-activate|p1a: Porygrigus|Skill Swap|||[of] p2a: toyota prius
|-activate|p1a: Porygrigus|ability: No Guard
|-activate|p2a: toyota prius|ability: Pillage
|move|p2a: toyota prius|Hurricane|p1a: Porygrigus
|-damage|p1a: Porygrigus|67\/100
|-start|p1a: Porygrigus|confusion
|
|-heal|p1a: Porygrigus|73\/100|[from] item: Leftovers
|upkeep
|turn|19
|
|t:|1652646102
|move|p2a: toyota prius|U-turn|p1a: Porygrigus
|-resisted|p1a: Porygrigus
|-damage|p1a: Porygrigus|68\/100
|
|t:|1652646121
|switch|p2a: honda odyssey|Ninelands-Alola, M, shiny|100\/100|[from]move: U-turn
|-start|p2a: honda odyssey|typechange|Ice\/Flying|[silent]
|raw|<ul class="utilichart"><li class="result"><span class="col pokemonnamecol" style="white-space: nowrap">Ninelands-Alola<\/span> <span class="col typecol"><img src="https:\/\/dragonheaven.herokuapp.com\/sprites\/types\/Ice.png" alt="Ice" height="14" width="32"><img src="https:\/\/dragonheaven.herokuapp.com\/sprites\/types\/Flying.png" alt="Flying" height="14" width="32"><\/span> <span style="float: left ; min-height: 26px"><span class="col abilitycol">Snow Globe<\/span><span class="col abilitycol"><\/span><\/span><\/li><li style="clear: both"><\/li><\/ul>
|raw|<ul class="utilichart"><li class="result"><span style="float: left ; min-height: 26px"><span class="col statcol"><em>HP<\/em><br>87<\/span> <span class="col statcol"><em>Atk<\/em><br>110<\/span> <span class="col statcol"><em>Def<\/em><br>90<\/span> <span class="col statcol"><em>SpA<\/em><br>110<\/span> <span class="col statcol"><em>SpD<\/em><br>90<\/span> <span class="col statcol"><em>Spe<\/em><br>105<\/span> <\/span><\/li><li style="clear: both"><\/li><\/ul>
|-weather|Hail|[from] ability: Snow Globe|[of] p2a: honda odyssey
|-activate|p1a: Porygrigus|confusion
|-damage|p1a: Porygrigus|64\/100|[from] confusion
|
|-weather|Hail|[upkeep]
|-damage|p1a: Porygrigus|57\/100|[from] Hail
|-heal|p1a: Porygrigus|64\/100|[from] item: Leftovers
|upkeep
|turn|20
|
|t:|1652646136
|move|p2a: honda odyssey|Blizzard|p1a: Porygrigus
|-damage|p1a: Porygrigus|26\/100
|-activate|p1a: Porygrigus|confusion
|move|p1a: Porygrigus|Teleport|p1a: Porygrigus
|
|t:|1652646143
|switch|p1a: Avarupt|Avarupt-Mega, M|94\/100|[from]move: Teleport
|-start|p1a: Avarupt|typechange|Ice\/Ground|[silent]
|-start|p1a: Avarupt|typechange|Ice\/Ground|[silent]
|
|-weather|Hail|[upkeep]
|upkeep
|turn|21
|
|t:|1652646162
|switch|p2a: ford focus|Weezlord-Galar, F, shiny|3\/100 brn
|-start|p2a: ford focus|typechange|Fairy\/Dark|[silent]
|move|p1a: Avarupt|Fire Blast|p2a: ford focus
|-damage|p2a: ford focus|0 fnt
|faint|p2a: ford focus
|
|-weather|Hail|[upkeep]
|-fieldend|move: Trick Room
|upkeep
|
|t:|1652646164
|switch|p2a: chevy malibu|Gossephalon, M, shiny|93\/100
|-start|p2a: chevy malibu|typechange|Grass\/Fire|[silent]
|turn|22
|l|+EeveeGirl1380
|
|t:|1652646181
|switch|p1a: Buzzeggutor-Alola|Buzzeggutor-Alola, M|78\/100
|-start|p1a: Buzzeggutor-Alola|typechange|Dragon\/Fighting|[silent]
|-ability|p1a: Buzzeggutor-Alola|Ultra Scout
|-message|chevy malibu is most proficient in Special Attack!
|move|p2a: chevy malibu|Mind Blown|p1a: Buzzeggutor-Alola
|-resisted|p1a: Buzzeggutor-Alola
|-damage|p1a: Buzzeggutor-Alola|24\/100
|-damage|p2a: chevy malibu|43\/100|[from] mindblown
|
|-weather|Hail|[upkeep]
|-damage|p2a: chevy malibu|37\/100|[from] Hail
|-damage|p1a: Buzzeggutor-Alola|18\/100|[from] Hail
|-heal|p1a: Buzzeggutor-Alola|24\/100|[from] item: Leftovers
|upkeep
|turn|23
|l|+moretto
|
|t:|1652646257
|switch|p1a: Porygrigus|Porygrigus, M|26\/100
|-start|p1a: Porygrigus|typechange|Normal\/Ghost|[silent]
|-activate|p1a: Porygrigus|ability: Pillage
|-activate|p1a: Porygrigus|Skill Swap|||[of] p2a: chevy malibu
|-activate|p1a: Porygrigus|ability: Ultra Health
|-activate|p2a: chevy malibu|ability: Pillage
|move|p2a: chevy malibu|Mind Blown|p1a: Porygrigus
|-damage|p1a: Porygrigus|0 fnt
|-damage|p2a: chevy malibu|0 fnt|[from] mindblown
|faint|p2a: chevy malibu
|faint|p1a: Porygrigus
|
|-weather|Hail|[upkeep]
|upkeep
|
|t:|1652646285
|switch|p2a: nissan pulsar|Arctovic, F, shiny|76\/100
|switch|p1a: Avarupt|Avarupt-Mega, M|94\/100
|-start|p2a: nissan pulsar|typechange|Grass\/Ice|[silent]
|-start|p1a: Avarupt|typechange|Ice\/Ground|[silent]
|-start|p1a: Avarupt|typechange|Ice\/Ground|[silent]
|turn|24
|
|t:|1652646300
|move|p2a: nissan pulsar|Power Whip|p1a: Avarupt|[miss]
|-miss|p2a: nissan pulsar|p1a: Avarupt
|move|p1a: Avarupt|Fire Blast|p2a: nissan pulsar
|-supereffective|p2a: nissan pulsar
|-damage|p2a: nissan pulsar|0 fnt
|faint|p2a: nissan pulsar
|
|-weather|Hail|[upkeep]
|upkeep
|c|☆earlio2|ughhhhh
|c|+Bobsican|RNG meta
|c|+Tapler ❀|aaaaa
|c|☆isocon|god im so sorry about all of this jesus christ
|c|☆earlio2|literally
|c|☆earlio2|god
|c|☆earlio2|I hate this 
|c|☆earlio2|and the first blast hits
|c|☆earlio2|splendid
|
|t:|1652646328
|switch|p2a: honda odyssey|Ninelands-Alola, M, shiny|100\/100
|-start|p2a: honda odyssey|typechange|Ice\/Flying|[silent]
|turn|25
|j|+moretto
|
|t:|1652646352
|switch|p1a: Buzzeggutor-Alola|Buzzeggutor-Alola, M|24\/100
|-start|p1a: Buzzeggutor-Alola|typechange|Dragon\/Fighting|[silent]
|-ability|p1a: Buzzeggutor-Alola|Ultra Scout
|-message|honda odyssey is most proficient in Speed!
|move|p2a: honda odyssey|Blizzard|p1a: Buzzeggutor-Alola
|-supereffective|p1a: Buzzeggutor-Alola
|-damage|p1a: Buzzeggutor-Alola|0 fnt
|faint|p1a: Buzzeggutor-Alola
|
|-weather|Hail|[upkeep]
|upkeep
|
|t:|1652646357
|switch|p1a: Mesflame|Mesflame, F|24\/100
|-start|p1a: Mesflame|typechange|Fire\/Psychic|[silent]
|turn|26
|
|t:|1652646370
|move|p2a: honda odyssey|Blizzard|p1a: Mesflame
|-resisted|p1a: Mesflame
|-damage|p1a: Mesflame|8\/100
|move|p1a: Mesflame|Roost|p1a: Mesflame
|-heal|p1a: Mesflame|58\/100
|-singleturn|p1a: Mesflame|move: Roost
|
|-weather|none
|upkeep
|turn|27
|
|t:|1652646377
|move|p2a: honda odyssey|Encore|p1a: Mesflame
|-start|p1a: Mesflame|Encore
|move|p1a: Mesflame|Roost|p1a: Mesflame
|-heal|p1a: Mesflame|100\/100
|-singleturn|p1a: Mesflame|move: Roost
|
|upkeep
|turn|28
|
|t:|1652646381
|move|p2a: honda odyssey|Nasty Plot|p2a: honda odyssey
|-boost|p2a: honda odyssey|spa|2
|move|p1a: Mesflame|Roost||[still]
|-fail|p1a: Mesflame|heal
|
|upkeep
|turn|29
|c|+Tapler ❀|yooo
|
|t:|1652646391
|switch|p1a: Avarupt|Avarupt-Mega, M|94\/100
|-start|p1a: Avarupt|typechange|Ice\/Ground|[silent]
|-start|p1a: Avarupt|typechange|Ice\/Ground|[silent]
|move|p2a: honda odyssey|Nasty Plot|p2a: honda odyssey
|-boost|p2a: honda odyssey|spa|2
|
|upkeep
|turn|30
|c|~AquaticPanic|baller
|
|t:|1652646394
|switch|p1a: Mesflame|Mesflame, F|100\/100
|-start|p1a: Mesflame|typechange|Fire\/Psychic|[silent]
|move|p2a: honda odyssey|Earth Power|p1a: Mesflame
|-immune|p1a: Mesflame|[from] ability: Leviflame
|
|upkeep
|turn|31
|
|t:|1652646404
|move|p2a: honda odyssey|Blizzard|p1a: Mesflame
|-resisted|p1a: Mesflame
|-damage|p1a: Mesflame|54\/100
|move|p1a: Mesflame|Trick Room|p1a: Mesflame
|-fieldstart|move: Trick Room|[of] p1a: Mesflame
|
|upkeep
|turn|32
|
|t:|1652646422
|move|p1a: Mesflame|Flamethrower|p2a: honda odyssey
|-supereffective|p2a: honda odyssey
|-damage|p2a: honda odyssey|34\/100
|move|p2a: honda odyssey|Blizzard|p1a: Mesflame
|-resisted|p1a: Mesflame
|-damage|p1a: Mesflame|3\/100
|
|upkeep
|turn|33
|j| SparkRolf
|
|t:|1652646435
|move|p1a: Mesflame|Flamethrower|p2a: honda odyssey
|-supereffective|p2a: honda odyssey
|-damage|p2a: honda odyssey|0 fnt
|faint|p2a: honda odyssey
|
|upkeep
|
|t:|1652646436
|switch|p2a: toyota prius|Corveot-Mega, M, shiny|93\/100
|-start|p2a: toyota prius|typechange|Steel\/Flying|[silent]
|-start|p2a: toyota prius|typechange|Steel\/Flying|[silent]
|turn|34
|c|+Tapler ❀|man this was a fucked match
|l| SparkRolf
|j|+EeveeGirl1380
|
|t:|1652646499
|move|p1a: Mesflame|Roost|p1a: Mesflame
|-heal|p1a: Mesflame|53\/100
|-singleturn|p1a: Mesflame|move: Roost
|move|p2a: toyota prius|Roost|p2a: toyota prius
|-heal|p2a: toyota prius|100\/100
|-singleturn|p2a: toyota prius|move: Roost
|
|upkeep
|turn|35
|
|t:|1652646506
|move|p1a: Mesflame|Roost|p1a: Mesflame
|-heal|p1a: Mesflame|100\/100
|-singleturn|p1a: Mesflame|move: Roost
|move|p2a: toyota prius|Hurricane|p1a: Mesflame
|-damage|p1a: Mesflame|68\/100
|-start|p1a: Mesflame|confusion
|
|-fieldend|move: Trick Room
|upkeep
|turn|36
|c|+EeveeGirl1380|The freeze kinda whacked it up
|
|t:|1652646511
|move|p2a: toyota prius|Hurricane|p1a: Mesflame
|-crit|p1a: Mesflame
|-damage|p1a: Mesflame|18\/100
|-activate|p1a: Mesflame|confusion
|-damage|p1a: Mesflame|12\/100|[from] confusion
|
|upkeep
|turn|37
|c|+Tapler ❀|yooo
|c|☆earlio2|ayo
|c|+moretto|YO
|c|+Gekokeso|wait
|c|+moretto|FINALLY
|c|+regic boat|yo???
|c|+EeveeGirl1380|AYO?!??
|c|+Analysis geek|Let's go
|c|+anaconja|poetic justice
|c|~AquaticPanic|bird
|c|+Bobsican|:eyes:
|
|t:|1652646534
|move|p2a: toyota prius|Hurricane|p1a: Mesflame
|-damage|p1a: Mesflame|0 fnt
|faint|p1a: Mesflame
|
|upkeep
|
|t:|1652646536
|switch|p1a: Avarupt|Avarupt-Mega, M|94\/100
|-start|p1a: Avarupt|typechange|Ice\/Ground|[silent]
|-start|p1a: Avarupt|typechange|Ice\/Ground|[silent]
|turn|38
|c|+EeveeGirl1380|Gonna be close
|c|☆isocon|dont have steel beam please
|
|t:|1652646622
|move|p2a: toyota prius|Heat Wave|p1a: Avarupt
|-supereffective|p1a: Avarupt
|-damage|p1a: Avarupt|39\/100
|-status|p1a: Avarupt|brn
|move|p1a: Avarupt|Fire Blast|p2a: toyota prius
|-supereffective|p2a: toyota prius
|-crit|p2a: toyota prius
|-damage|p2a: toyota prius|0 fnt
|faint|p2a: toyota prius
|
|win|isocon
|c|☆earlio2|no
|c|☆isocon|did that matter
|c|+Tapler ❀|noo
|c|+EeveeGirl1380|Oh my gosh
|c|+Tapler ❀|was praying for the miss
|c|~AquaticPanic|did that matter
|c|+EeveeGirl1380|i Think that did
|c|+moretto|ugh
|c|☆isocon|it didnt right
|c|☆isocon|if it did
|c|+EeveeGirl1380|It couldn’t miss
|c|+Bobsican|Fun fact, Flash Cannon had a 6.3% chance to OHKO
|c|+EeveeGirl1380|no guard 
|c|☆earlio2|eh it was a roll in favor
|c|☆isocon|oh my god
|c|~AquaticPanic|tapler how would it miss lol
|c|☆earlio2|0 SpA Corviknight Heat Wave vs. 252 HP \/ 0 SpD Camerupt-Mega: 194-230 (47.5 - 56.3%) -- 84.4% chance to 2HKO
|c|+Tapler ❀|fire blast
|c|☆earlio2|shouldve hurricaned
|c|☆earlio2|Im gonna
|c|+EeveeGirl1380|Actually crazy
|c|☆earlio2|fucking quit this game
|c|~AquaticPanic|no guard goes both ways tapler
|c|+Tapler ❀|oh wait right
|c|☆earlio2|sure I haxed too but like
|c|+Tapler ❀|shhh
|c|☆earlio2|the power whip miss
|c|+anaconja|roughly 39.6% to hax if you use hurricane
|c|☆earlio2|the freeze?
|c|☆earlio2|I despise this
|c|+Gekokeso|jokerfication manicunos
|c|☆isocon|i wont bother saying gg that was the dumbest fucking match
|c|☆earlio2|no gg
|c|+EeveeGirl1380|That was wild
|c|+anaconja|mfa players relying on hax to win? more likely than you think
|c|☆earlio2|literally nothing about this game was determined by skill</script>
</div>
<div class="battle-log battle-log-inline"><div class="inner"><div class="battle-options"><div style="padding-top: 3px; padding-right: 3px; text-align: right"><button class="icon button" name="openBattleOptions" title="Options">Battle Options</button></div></div><div class="inner message-log"><div class="chat"><small>☆isocon and ☆earlio2 joined</small></div><div class=""><small>Format:</small> <br><strong>[Gen 8] Fusion Evolution UU</strong></div><div class=""><small><em>HP Percentage Mod:</em> HP is shown in percentages</small></div><div class=""><small><em>Endless Battle Clause:</em> Forcing endless battles is banned</small></div><div class=""><small><em>OHKO Clause:</em> OHKO moves are banned</small></div><div class=""><small><em>Evasion Moves Clause:</em> Evasion moves are banned</small></div><div class=""><small><em>Species Clause:</em> Limit one of each Pokémon</small></div><div class=""><small><em>Dynamax Clause:</em> You cannot dynamax</small></div><div class=""><small><em>Sleep Clause Mod:</em> Limit one foe put to sleep</small></div><div class=""><small><em>Z-Move Clause:</em> Z-Moves are banned</small></div><div class="chat battle-history"><strong>isocon's team:</strong> <em style="color:#445566;display:block;">Hattaka / Avarupt / Porygrigus / Crawmise / Buzzeggutor-Alola / Mesflame</em></div><div class="chat battle-history"><strong>earlio2's team:</strong> <em style="color:#445566;display:block;">Arctovic / Ninelands-Alola / Flygalge / Weezlord-Galar / Gossephalon / Corveot</em></div><div class="chat chatmessage-isocon"><strong style="color:#616adf"><small>☆</small><span class="username" data-name="isocon">isocon</span>:</strong> <em>glhf</em></div><div class="chat chatmessage-earlio2"><strong style="color:#60923a"><small>☆</small><span class="username" data-name="earlio2">earlio2</span>:</strong> <em>u2</em></div><div class="chat"><small>~scoopapa joined</small></div><div class="spacer battle-history"><br></div><div class="battle-history">Battle started between isocon and earlio2!<br></div><div class="spacer battle-history"><br></div><div class="battle-history">Go! <strong>Hattaka</strong>!<br></div><div class="spacer battle-history"><br></div><div class="battle-history">earlio2 sent out chevy malibu (<strong>Gossephalon</strong>)!<br></div><div class="chat"><ul class="utilichart"><li class="result"><span class="col pokemonnamecol" style="white-space: nowrap">Gossephalon</span> <span class="col typecol"><img src="https://dragonheaven.herokuapp.com/sprites/types/Grass.png" alt="Grass" height="14" width="32"><img src="https://dragonheaven.herokuapp.com/sprites/types/Fire.png" alt="Fire" height="14" width="32"></span> <span style="float: left ; min-height: 26px"><span class="col abilitycol">Ultra Health</span><span class="col abilitycol"></span></span></li><li style="clear: both"></li></ul></div><div class="chat"><ul class="utilichart"><li class="result"><span style="float: left ; min-height: 26px"><span class="col statcol"><em>HP</em><br>61</span> <span class="col statcol"><em>Atk</em><br>89</span> <span class="col statcol"><em>Def</em><br>71</span> <span class="col statcol"><em>SpA</em><br>127</span> <span class="col statcol"><em>SpD</em><br>101</span> <span class="col statcol"><em>Spe</em><br>103</span> </span></li><li style="clear: both"></li></ul></div><div class="chat"><ul class="utilichart"><li class="result"><span class="col pokemonnamecol" style="white-space: nowrap">Hattaka</span> <span class="col typecol"><img src="https://dragonheaven.herokuapp.com/sprites/types/Psychic.png" alt="Psychic" height="14" width="32"><img src="https://dragonheaven.herokuapp.com/sprites/types/Steel.png" alt="Steel" height="14" width="32"></span> <span style="float: left ; min-height: 26px"><span class="col abilitycol">Magic Beast</span><span class="col abilitycol"></span></span></li><li style="clear: both"></li></ul></div><div class="chat"><ul class="utilichart"><li class="result"><span style="float: left ; min-height: 26px"><span class="col statcol"><em>HP</em><br>60</span> <span class="col statcol"><em>Atk</em><br>128</span> <span class="col statcol"><em>Def</em><br>155</span> <span class="col statcol"><em>SpA</em><br>110</span> <span class="col statcol"><em>SpD</em><br>105</span> <span class="col statcol"><em>Spe</em><br>21</span> </span></li><li style="clear: both"></li></ul></div><div class="spacer battle-history"><br></div><h2 class="battle-history">Turn 1</h2><div class="chat"><small>+Bobsican joined</small></div><div class="spacer battle-history"><br></div><div class="battle-history">The opposing chevy malibu used <strong>Flamethrower</strong>!<br></div><div class="battle-history"><small>It's super effective!</small><br></div><div class="battle-history"><small>Hattaka hung on using its Focus Sash!</small><br></div><div class="battle-history"><small>(Hattaka lost 99% of its health!)</small><br></div><div class="spacer battle-history"><br></div><div class="battle-history">Hattaka used <strong>Trick Room</strong>!<br></div><div class="battle-history"><small>Hattaka twisted the dimensions!</small><br></div><div class="spacer battle-history"><br></div><h2 class="battle-history">Turn 2</h2><div class="spacer battle-history"><br></div><div class="battle-history">Hattaka used <strong>Stealth Rock</strong>!<br></div><div class="battle-history"><small>Pointed stones float in the air around the opposing team!</small><br></div><div class="spacer battle-history"><br></div><div class="battle-history">The opposing chevy malibu used <strong>Flamethrower</strong>!<br></div><div class="battle-history"><small>It's super effective!</small><br></div><div class="battle-history"><small>(Hattaka lost 1% of its health!)</small><br></div><div class="spacer battle-history"><br></div><div class="battle-history">Hattaka fainted!<br></div><div class="battle-history">[The opposing chevy malibu's Ultra Health]<br></div><div class="chat"><small>+Tapler ❀ joined</small></div><div class="spacer battle-history"><br></div><div class="battle-history">Go! <strong>Crawmise</strong>!<br></div><div class="chat"><ul class="utilichart"><li class="result"><span class="col pokemonnamecol" style="white-space: nowrap">Crawmise</span> <span class="col typecol"><img src="https://dragonheaven.herokuapp.com/sprites/types/Dark.png" alt="Dark" height="14" width="32"><img src="https://dragonheaven.herokuapp.com/sprites/types/Grass.png" alt="Grass" height="14" width="32"></span> <span style="float: left ; min-height: 26px"><span class="col abilitycol">Workability</span><span class="col abilitycol"></span></span></li><li style="clear: both"></li></ul></div><div class="chat"><ul class="utilichart"><li class="result"><span style="float: left ; min-height: 26px"><span class="col statcol"><em>HP</em><br>80</span> <span class="col statcol"><em>Atk</em><br>125</span> <span class="col statcol"><em>Def</em><br>100</span> <span class="col statcol"><em>SpA</em><br>90</span> <span class="col statcol"><em>SpD</em><br>85</span> <span class="col statcol"><em>Spe</em><br>50</span> </span></li><li style="clear: both"></li></ul></div><div class="spacer battle-history"><br></div><h2 class="battle-history">Turn 3</h2><div class="chat chatmessage-tapler"><strong style="color:#b48122"><small>+</small><span class="username" data-name="Tapler ❀">Tapler ❀</span>:</strong> <em>damn iso pulling out TR twice in a row</em></div><div class="spacer battle-history"><br></div><div class="battle-history">earlio2 withdrew chevy malibu!<br></div><div class="battle-history">earlio2 sent out toyota prius (<strong>Corveot</strong>)!<br></div><div class="chat"><ul class="utilichart"><li class="result"><span class="col pokemonnamecol" style="white-space: nowrap">Corveot</span> <span class="col typecol"><img src="https://dragonheaven.herokuapp.com/sprites/types/Steel.png" alt="Steel" height="14" width="32"><img src="https://dragonheaven.herokuapp.com/sprites/types/Flying.png" alt="Flying" height="14" width="32"></span> <span style="float: left ; min-height: 26px"><span class="col abilitycol">Big Pressure</span><span class="col abilitycol"></span></span></li><li style="clear: both"></li></ul></div><div class="chat"><ul class="utilichart"><li class="result"><span style="float: left ; min-height: 26px"><span class="col statcol"><em>HP</em><br>95</span> <span class="col statcol"><em>Atk</em><br>85</span> <span class="col statcol"><em>Def</em><br>110</span> <span class="col statcol"><em>SpA</em><br>70</span> <span class="col statcol"><em>SpD</em><br>80</span> <span class="col statcol"><em>Spe</em><br>85</span> </span></li><li style="clear: both"></li></ul></div><div class="battle-history"><small>Pointed stones dug into the opposing toyota prius!</small><br></div><div class="battle-history">[The opposing toyota prius's Big Pressure]<br></div><div class="spacer battle-history"><br></div><div class="battle-history">Crawmise used <strong>Knock Off</strong>!<br></div><div class="battle-history"><small>(The opposing toyota prius lost 45% of its health!)</small><br></div><div class="battle-history"><small>Crawmise lost some of its HP!</small><br></div><div class="spacer battle-history"><br></div><h2 class="battle-history">Turn 4</h2><div class="chat"><small>+anaconja joined</small></div><div class="spacer battle-history"><br></div><div class="battle-history">Crawmise, come back!<br></div><div class="battle-history">Go! <strong>Mesflame</strong>!<br></div><div class="chat"><ul class="utilichart"><li class="result"><span class="col pokemonnamecol" style="white-space: nowrap">Mesflame</span> <span class="col typecol"><img src="https://dragonheaven.herokuapp.com/sprites/types/Fire.png" alt="Fire" height="14" width="32"><img src="https://dragonheaven.herokuapp.com/sprites/types/Psychic.png" alt="Psychic" height="14" width="32"></span> <span style="float: left ; min-height: 26px"><span class="col abilitycol">Leviflame</span><span class="col abilitycol"></span></span></li><li style="clear: both"></li></ul></div><div class="chat"><ul class="utilichart"><li class="result"><span style="float: left ; min-height: 26px"><span class="col statcol"><em>HP</em><br>95</span> <span class="col statcol"><em>Atk</em><br>95</span> <span class="col statcol"><em>Def</em><br>95</span> <span class="col statcol"><em>SpA</em><br>95</span> <span class="col statcol"><em>SpD</em><br>95</span> <span class="col statcol"><em>Spe</em><br>104</span> </span></li><li style="clear: both"></li></ul></div><div class="spacer battle-history"><br></div><div class="battle-history"><small>The opposing toyota prius's Pidgeotite is reacting to the Key Stone!</small><br>The opposing toyota prius has Mega Evolved into Mega Corveot!<br></div><div class="chat"><ul class="utilichart"><li class="result"><span class="col pokemonnamecol" style="white-space: nowrap">Corveot-Mega</span> <span class="col typecol"><img src="https://dragonheaven.herokuapp.com/sprites/types/Steel.png" alt="Steel" height="14" width="32"><img src="https://dragonheaven.herokuapp.com/sprites/types/Flying.png" alt="Flying" height="14" width="32"></span> <span style="float: left ; min-height: 26px"><span class="col abilitycol">No Guard</span><span class="col abilitycol"></span></span><span style="float: left ; min-height: 26px"><span class="col statcol"><em>HP</em><br>95</span> <span class="col statcol"><em>Atk</em><br>85</span> <span class="col statcol"><em>Def</em><br>115</span> <span class="col statcol"><em>SpA</em><br>135</span> <span class="col statcol"><em>SpD</em><br>90</span> <span class="col statcol"><em>Spe</em><br>105</span> </span></li><li style="clear: both"></li></ul></div><div class="spacer battle-history"><br></div><div class="battle-history">The opposing toyota prius used <strong>Roost</strong>!<br></div><div class="battle-history"><small>The opposing toyota prius had its HP restored.</small><br></div><div class="battle-history"><small>(The opposing toyota prius loses Flying type this turn.)</small><br></div><div class="spacer battle-history"><br></div><h2 class="battle-history">Turn 5</h2><div class="spacer battle-history"><br></div><div class="battle-history">earlio2 withdrew toyota prius!<br></div><div class="battle-history">earlio2 sent out kia forte (<strong>Flygalge</strong>)!<br></div><div class="battle-history"><small>Pointed stones dug into the opposing kia forte!</small><br></div><div class="chat"><ul class="utilichart"><li class="result"><span class="col pokemonnamecol" style="white-space: nowrap">Flygalge</span> <span class="col typecol"><img src="https://dragonheaven.herokuapp.com/sprites/types/Dragon.png" alt="Dragon" height="14" width="32"><img src="https://dragonheaven.herokuapp.com/sprites/types/Poison.png" alt="Poison" height="14" width="32"></span> <span style="float: left ; min-height: 26px"><span class="col abilitycol">Levitability</span><span class="col abilitycol"></span></span></li><li style="clear: both"></li></ul></div><div class="chat"><ul class="utilichart"><li class="result"><span style="float: left ; min-height: 26px"><span class="col statcol"><em>HP</em><br>92</span> <span class="col statcol"><em>Atk</em><br>87</span> <span class="col statcol"><em>Def</em><br>103</span> <span class="col statcol"><em>SpA</em><br>88</span> <span class="col statcol"><em>SpD</em><br>103</span> <span class="col statcol"><em>Spe</em><br>72</span> </span></li><li style="clear: both"></li></ul></div><div class="spacer battle-history"><br></div><div class="battle-history">Mesflame used <strong>Flamethrower</strong>!<br></div><div class="battle-history"><small>It's not very effective...</small><br></div><div class="battle-history"><small>A critical hit!</small><br></div><div class="battle-history"><small>(The opposing kia forte lost 13% of its health!)</small><br></div><div class="spacer battle-history"><br></div><div class="battle-history"><small>The opposing kia forte restored a little HP using its Black Sludge!</small><br></div><div class="battle-history"><small>The twisted dimensions returned to normal!</small><br></div><div class="spacer battle-history"><br></div><h2 class="battle-history">Turn 6</h2><div class="spacer battle-history"><br></div><div class="battle-history">The opposing kia forte used <strong>Defog</strong>!<br></div><div class="battle-history"><small>Mesflame's evasiveness fell!</small><br></div><div class="battle-history"><small>The pointed stones disappeared from around the opposing team!</small><br></div><div class="spacer battle-history"><br></div><div class="battle-history">Mesflame used <strong>Trick Room</strong>!<br></div><div class="battle-history"><small>Mesflame twisted the dimensions!</small><br></div><div class="spacer battle-history"><br></div><div class="battle-history"><small>The opposing kia forte restored a little HP using its Black Sludge!</small><br></div><div class="spacer battle-history"><br></div><h2 class="battle-history">Turn 7</h2><div class="chat chatmessage-anaconja"><strong style="color:#9d24d6"><small>+</small><span class="username" data-name="anaconja">anaconja</span>:</strong> <em>mfa players be brain broken they see various tr mons and it just happens</em></div><div class="spacer battle-history"><br></div><div class="battle-history">Mesflame, come back!<br></div><div class="battle-history">Go! <strong>Crawmise</strong>!<br></div><div class="spacer battle-history"><br></div><div class="battle-history">The opposing kia forte used <strong>Sludge Bomb</strong>!<br></div><div class="battle-history"><small>It's super effective!</small><br></div><div class="battle-history"><small>(Crawmise lost 82% of its health!)</small><br></div><div class="battle-history"><small>Crawmise was poisoned!</small><br></div><div class="spacer battle-history"><br></div><div class="battle-history"><small>The opposing kia forte restored a little HP using its Black Sludge!</small><br></div><div class="battle-history"><small>Crawmise was hurt by poison!</small><br></div><div class="spacer battle-history"><br></div><div class="battle-history">Crawmise fainted!<br></div><div class="spacer battle-history"><br></div><div class="battle-history">Go! <strong>Avarupt</strong>!<br></div><div class="chat"><ul class="utilichart"><li class="result"><span class="col pokemonnamecol" style="white-space: nowrap">Avarupt</span> <span class="col typecol"><img src="https://dragonheaven.herokuapp.com/sprites/types/Ice.png" alt="Ice" height="14" width="32"><img src="https://dragonheaven.herokuapp.com/sprites/types/Ground.png" alt="Ground" height="14" width="32"></span> <span style="float: left ; min-height: 26px"><span class="col abilitycol">Permafrost</span><span class="col abilitycol"></span></span></li><li style="clear: both"></li></ul></div><div class="chat"><ul class="utilichart"><li class="result"><span style="float: left ; min-height: 26px"><span class="col statcol"><em>HP</em><br>102</span> <span class="col statcol"><em>Atk</em><br>108</span> <span class="col statcol"><em>Def</em><br>127</span> <span class="col statcol"><em>SpA</em><br>94</span> <span class="col statcol"><em>SpD</em><br>60</span> <span class="col statcol"><em>Spe</em><br>34</span> </span></li><li style="clear: both"></li></ul></div><div class="spacer battle-history"><br></div><h2 class="battle-history">Turn 8</h2><div class="chat"><small>+regic boat, +Analysis geek, and +moretto joined</small></div><div class="chat chatmessage-moretto"><strong style="color:#c82f9f"><small>+</small><span class="username" data-name="moretto">moretto</span>:</strong> <em>tr</em></div><div class="chat chatmessage-bobsican"><strong style="color:#b30ed8"><small>+</small><span class="username" data-name="Bobsican">Bobsican</span>:</strong> <em>This sure is taking a while</em></div><div class="chat chatmessage-analysisgeek"><strong style="color:#3e7fb9"><small>+</small><span class="username" data-name="Analysis geek">Analysis geek</span>:</strong> <em>Well people gotta think</em></div><div class="chat chatmessage-moretto"><strong style="color:#c82f9f"><small>+</small><span class="username" data-name="moretto">moretto</span>:</strong> <em>jajajaja thinking</em></div><div class="chat"><small>+Gekokeso joined</small></div><div class="chat chatmessage-bobsican"><strong style="color:#b30ed8"><small>+</small><span class="username" data-name="Bobsican">Bobsican</span>:</strong> <em>:monkesmart:</em></div><div class="spacer battle-history"><br></div><div class="battle-history"><small>Avarupt's Cameruptite is reacting to the Key Stone!</small><br>Avarupt has Mega Evolved into Mega Avarupt!<br></div><div class="chat"><ul class="utilichart"><li class="result"><span class="col pokemonnamecol" style="white-space: nowrap">Avarupt-Mega</span> <span class="col typecol"><img src="https://dragonheaven.herokuapp.com/sprites/types/Ice.png" alt="Ice" height="14" width="32"><img src="https://dragonheaven.herokuapp.com/sprites/types/Ground.png" alt="Ground" height="14" width="32"></span> <span style="float: left ; min-height: 26px"><span class="col abilitycol">Sheer Force</span><span class="col abilitycol"></span></span><span style="float: left ; min-height: 26px"><span class="col statcol"><em>HP</em><br>102</span> <span class="col statcol"><em>Atk</em><br>128</span> <span class="col statcol"><em>Def</em><br>157</span> <span class="col statcol"><em>SpA</em><br>134</span> <span class="col statcol"><em>SpD</em><br>90</span> <span class="col statcol"><em>Spe</em><br>14</span> </span></li><li style="clear: both"></li></ul></div><div class="spacer battle-history"><br></div><div class="battle-history">Avarupt used <strong>Ice Beam</strong>!<br></div><div class="battle-history"><small>It's super effective!</small><br></div><div class="battle-history"><small>(The opposing kia forte lost 82% of its health!)</small><br></div><div class="spacer battle-history"><br></div><div class="battle-history">The opposing kia forte used <strong>U-turn</strong>!<br></div><div class="battle-history"><small>(Avarupt lost 6% of its health!)</small><br></div><div class="spacer battle-history"><br></div><div class="battle-history">The opposing kia forte went back to earlio2!<br></div><div class="battle-history">earlio2 sent out ford focus (<strong>Weezlord-Galar</strong>)!<br></div><div class="chat"><ul class="utilichart"><li class="result"><span class="col pokemonnamecol" style="white-space: nowrap">Weezlord-Galar</span> <span class="col typecol"><img src="https://dragonheaven.herokuapp.com/sprites/types/Fairy.png" alt="Fairy" height="14" width="32"><img src="https://dragonheaven.herokuapp.com/sprites/types/Dark.png" alt="Dark" height="14" width="32"></span> <span style="float: left ; min-height: 26px"><span class="col abilitycol">Neutralizing Gas</span><span class="col abilitycol"></span></span></li><li style="clear: both"></li></ul></div><div class="chat"><ul class="utilichart"><li class="result"><span style="float: left ; min-height: 26px"><span class="col statcol"><em>HP</em><br>151</span> <span class="col statcol"><em>Atk</em><br>103</span> <span class="col statcol"><em>Def</em><br>97</span> <span class="col statcol"><em>SpA</em><br>103</span> <span class="col statcol"><em>SpD</em><br>61</span> <span class="col statcol"><em>Spe</em><br>53</span> </span></li><li style="clear: both"></li></ul></div><div class="spacer battle-history"><br></div><h2 class="battle-history">Turn 9</h2><div class="spacer battle-history"><br></div><div class="battle-history">Avarupt used <strong>Ice Beam</strong>!<br></div><div class="battle-history"><small>(The opposing ford focus lost 54% of its health!)</small><br></div><div class="battle-history"><small>The opposing ford focus was frozen solid!</small><br></div><div class="spacer battle-history"><br></div><div class="battle-history">The opposing ford focus is frozen solid!<br></div><div class="spacer battle-history"><br></div><div class="battle-history"><small>The opposing ford focus restored a little HP using its Leftovers!</small><br></div><div class="spacer battle-history"><br></div><h2 class="battle-history">Turn 10</h2><div class="chat chatmessage-bobsican"><strong style="color:#b30ed8"><small>+</small><span class="username" data-name="Bobsican">Bobsican</span>:</strong> <em>lmao</em></div><div class="chat chatmessage-moretto"><strong style="color:#c82f9f"><small>+</small><span class="username" data-name="moretto">moretto</span>:</strong> <em>man</em></div><div class="chat chatmessage-gekokeso"><strong style="color:#9b940e"><small>+</small><span class="username" data-name="Gekokeso">Gekokeso</span>:</strong> <em>lol</em></div><div class="chat chatmessage-earlio2"><strong style="color:#60923a"><small>☆</small><span class="username" data-name="earlio2">earlio2</span>:</strong> <em>wait no way</em></div><div class="chat chatmessage-bobsican"><strong style="color:#b30ed8"><small>+</small><span class="username" data-name="Bobsican">Bobsican</span>:</strong> <em>TFW NGas works against you</em></div><div class="chat chatmessage-earlio2"><strong style="color:#60923a"><small>☆</small><span class="username" data-name="earlio2">earlio2</span>:</strong> <em>how is that damage even possible</em></div><div class="chat chatmessage-moretto"><strong style="color:#c82f9f"><small>+</small><span class="username" data-name="moretto">moretto</span>:</strong> <em>NGas didnt activate</em></div><div class="chat chatmessage-moretto"><strong style="color:#c82f9f"><small>+</small><span class="username" data-name="moretto">moretto</span>:</strong> <em>LOOOOOOOOOOOL</em></div><div class="chat chatmessage-earlio2"><strong style="color:#60923a"><small>☆</small><span class="username" data-name="earlio2">earlio2</span>:</strong> <em>but I froze??</em></div><div class="chat chatmessage-earlio2"><strong style="color:#60923a"><small>☆</small><span class="username" data-name="earlio2">earlio2</span>:</strong> <em>wtf</em></div><div class="chat chatmessage-gekokeso"><strong style="color:#9b940e"><small>+</small><span class="username" data-name="Gekokeso">Gekokeso</span>:</strong> <em>it literally did</em></div><div class="chat chatmessage-earlio2"><strong style="color:#60923a"><small>☆</small><span class="username" data-name="earlio2">earlio2</span>:</strong> <em>252+ SpA Sheer Force Camerupt-Mega Ice Beam vs. 0 HP / 116 SpD Weezing-Galar: 183-216 (41.3 - 48.7%) -- guaranteed 3HKO</em></div><div class="chat chatmessage-gekokeso"><strong style="color:#9b940e"><small>+</small><span class="username" data-name="Gekokeso">Gekokeso</span>:</strong> <em>134 damge</em></div><div class="chat chatmessage-gekokeso"><strong style="color:#9b940e"><small>+</small><span class="username" data-name="Gekokeso">Gekokeso</span>:</strong> <em>just too strong i guess</em></div><div class="chat chatmessage-earlio2"><strong style="color:#60923a"><small>☆</small><span class="username" data-name="earlio2">earlio2</span>:</strong> <em>ignore the sheer force part of the calc</em></div><div class="chat chatmessage-earlio2"><strong style="color:#60923a"><small>☆</small><span class="username" data-name="earlio2">earlio2</span>:</strong> <em>how is this damage actually possible</em></div><div class="chat chatmessage-isocon"><strong style="color:#616adf"><small>☆</small><span class="username" data-name="isocon">isocon</span>:</strong> <em>im nmi</em></div><div class="chat chatmessage-earlio2"><strong style="color:#60923a"><small>☆</small><span class="username" data-name="earlio2">earlio2</span>:</strong> <em>u are a mega </em></div><div class="chat chatmessage-isocon"><strong style="color:#616adf"><small>☆</small><span class="username" data-name="isocon">isocon</span>:</strong> <em>so</em></div><div class="chat chatmessage-regicboat"><strong style="color:#7732e7"><small>+</small><span class="username" data-name="regic boat">regic boat</span>:</strong> <em>Avarupt-Mega</em></div><div class="chat chatmessage-regicboat"><strong style="color:#7732e7"><small>+</small><span class="username" data-name="regic boat">regic boat</span>:</strong> <em>"im nmi"</em></div><div class="chat chatmessage-earlio2"><strong style="color:#60923a"><small>☆</small><span class="username" data-name="earlio2">earlio2</span>:</strong> <em>48 should be the max damage how did I take 55 and freeze</em></div><div class="chat chatmessage-analysisgeek"><strong style="color:#3e7fb9"><small>+</small><span class="username" data-name="Analysis geek">Analysis geek</span>:</strong> <em>I'm more surprised flygalge lived</em></div><div class="chat"><small>+Analysis geek and +anaconja left</small></div><div class="chat chatmessage-earlio2"><strong style="color:#60923a"><small>☆</small><span class="username" data-name="earlio2">earlio2</span>:</strong> <em>252+ SpA Camerupt-Mega Ice Beam vs. 0 HP / 116 SpD Weezing-Galar: 139-164 (31.3 - 37%) -- 79.6% chance to 3HKO</em></div><div class="chat chatmessage-earlio2"><strong style="color:#60923a"><small>☆</small><span class="username" data-name="earlio2">earlio2</span>:</strong> <em>im so confused</em></div><div class="chat"><small>+anaconja joined</small></div><div class="chat chatmessage-isocon"><strong style="color:#616adf"><small>☆</small><span class="username" data-name="isocon">isocon</span>:</strong> <em>are you ice type camerupt</em></div><div class="chat chatmessage-earlio2"><strong style="color:#60923a"><small>☆</small><span class="username" data-name="earlio2">earlio2</span>:</strong> <em>oh :skull:</em></div><div class="chat chatmessage-tapler"><strong style="color:#b48122"><small>+</small><span class="username" data-name="Tapler ❀">Tapler ❀</span>:</strong> <em>rip</em></div><div class="spacer battle-history"><br></div><div class="battle-history">earlio2 withdrew ford focus!<br></div><div class="battle-history">earlio2 sent out kia forte (<strong>Flygalge</strong>)!<br></div><div class="spacer battle-history"><br></div><div class="battle-history">Avarupt used <strong>Ice Beam</strong>!<br></div><div class="battle-history"><small>It's super effective!</small><br></div><div class="battle-history"><small>(The opposing kia forte lost 12% of its health!)</small><br></div><div class="spacer battle-history"><br></div><div class="battle-history">The opposing kia forte fainted!<br></div><div class="spacer battle-history"><br></div><div class="battle-history"><small>The twisted dimensions returned to normal!</small><br></div><div class="chat chatmessage-anaconja"><strong style="color:#9d24d6"><small>+</small><span class="username" data-name="anaconja">anaconja</span>:</strong> <em>bruv moment</em></div><div class="chat"><small>+EeveeGirl1380 joined</small></div><div class="chat chatmessage-eeveegirl1380"><strong style="color:#7b6dd7"><small>+</small><span class="username" data-name="EeveeGirl1380">EeveeGirl1380</span>:</strong> <em>lol</em></div><div class="chat chatmessage-earlio2"><strong style="color:#60923a"><small>☆</small><span class="username" data-name="earlio2">earlio2</span>:</strong> <em>we stay goofy</em></div><div class="chat chatmessage-earlio2"><strong style="color:#60923a"><small>☆</small><span class="username" data-name="earlio2">earlio2</span>:</strong> <em>freeze stull fucked tho</em></div><div class="chat"><small>~AquaticPanic and +Analysis geek joined</small></div><div class="chat chatmessage-bobsican"><strong style="color:#b30ed8"><small>+</small><span class="username" data-name="Bobsican">Bobsican</span>:</strong> <em>252+ SpA Avarupt-Mega Ice Beam vs. 0 HP / 116 SpD Weezlord-Galar: 208-246 (46.9 - 55.5%) -- 73.4% chance to 2HKO</em></div><div class="chat chatmessage-earlio2"><strong style="color:#60923a"><small>☆</small><span class="username" data-name="earlio2">earlio2</span>:</strong> <em>max roll :no</em></div><div class="chat chatmessage-tapler"><strong style="color:#b48122"><small>+</small><span class="username" data-name="Tapler ❀">Tapler ❀</span>:</strong> <em>first ever mava freeze probably</em></div><div class="spacer battle-history"><br></div><div class="battle-history">earlio2 sent out nissan pulsar (<strong>Arctovic</strong>)!<br></div><div class="chat"><ul class="utilichart"><li class="result"><span class="col pokemonnamecol" style="white-space: nowrap">Arctovic</span> <span class="col typecol"><img src="https://dragonheaven.herokuapp.com/sprites/types/Grass.png" alt="Grass" height="14" width="32"><img src="https://dragonheaven.herokuapp.com/sprites/types/Ice.png" alt="Ice" height="14" width="32"></span> <span style="float: left ; min-height: 26px"><span class="col abilitycol">Extremophile</span><span class="col abilitycol"></span></span></li><li style="clear: both"></li></ul></div><div class="chat"><ul class="utilichart"><li class="result"><span style="float: left ; min-height: 26px"><span class="col statcol"><em>HP</em><br>85</span> <span class="col statcol"><em>Atk</em><br>106</span> <span class="col statcol"><em>Def</em><br>79</span> <span class="col statcol"><em>SpA</em><br>111</span> <span class="col statcol"><em>SpD</em><br>75</span> <span class="col statcol"><em>Spe</em><br>80</span> </span></li><li style="clear: both"></li></ul></div><div class="spacer battle-history"><br></div><h2 class="battle-history">Turn 11</h2><div class="spacer battle-history"><br></div><div class="battle-history">Avarupt, come back!<br></div><div class="battle-history">Go! <strong>Mesflame</strong>!<br></div><div class="spacer battle-history"><br></div><div class="battle-history">The opposing nissan pulsar used <strong>Substitute</strong>!<br></div><div class="battle-history"><small>The opposing nissan pulsar put in a substitute!</small><br></div><div class="battle-history"><small>(The opposing nissan pulsar lost 24% of its health!)</small><br></div><div class="spacer battle-history"><br></div><h2 class="battle-history">Turn 12</h2><div class="spacer battle-history"><br></div><div class="battle-history">Mesflame used <strong>Flamethrower</strong>!<br></div><div class="battle-history"><small>It's super effective!</small><br></div><div class="battle-history"><small>The opposing nissan pulsar's substitute faded!</small><br></div><div class="spacer battle-history"><br></div><div class="battle-history">The opposing nissan pulsar used <strong>Bolt Beak</strong>!<br></div><div class="battle-history"><small>(Mesflame lost 26% of its health!)</small><br></div><div class="spacer battle-history"><br></div><h2 class="battle-history">Turn 13</h2><div class="spacer battle-history"><br></div><div class="battle-history">earlio2 withdrew nissan pulsar!<br></div><div class="battle-history">earlio2 sent out ford focus (<strong>Weezlord-Galar</strong>)!<br></div><div class="spacer battle-history"><br></div><div class="battle-history">Mesflame used <strong>Flamethrower</strong>!<br></div><div class="battle-history"><small>(The opposing ford focus lost 27% of its health!)</small><br></div><div class="battle-history"><small>The opposing ford focus thawed out!</small><br></div><div class="spacer battle-history"><br></div><div class="battle-history"><small>The opposing ford focus restored a little HP using its Leftovers!</small><br></div><div class="spacer battle-history"><br></div><h2 class="battle-history">Turn 14</h2><div class="spacer battle-history"><br></div><div class="battle-history">Mesflame used <strong>Flamethrower</strong>!<br></div><div class="battle-history"><small>(The opposing ford focus lost 28% of its health!)</small><br></div><div class="battle-history"><small>The opposing ford focus was burned!</small><br></div><div class="spacer battle-history"><br></div><div class="battle-history">The opposing ford focus used <strong>Dark Pulse</strong>!<br></div><div class="battle-history"><small>It's super effective!</small><br></div><div class="battle-history"><small>(Mesflame lost 50% of its health!)</small><br></div><div class="spacer battle-history"><br></div><div class="battle-history"><small>The opposing ford focus restored a little HP using its Leftovers!</small><br></div><div class="battle-history"><small>The opposing ford focus was hurt by its burn!</small><br></div><div class="spacer battle-history"><br></div><h2 class="battle-history">Turn 15</h2><div class="chat chatmessage-earlio2"><strong style="color:#60923a"><small>☆</small><span class="username" data-name="earlio2">earlio2</span>:</strong> <em>man</em></div><div class="chat chatmessage-eeveegirl1380"><strong style="color:#7b6dd7"><small>+</small><span class="username" data-name="EeveeGirl1380">EeveeGirl1380</span>:</strong> <em>ALL THE STATUS EFFECTS</em></div><div class="chat chatmessage-aquaticpanic"><strong style="color:#6152ee"><small>~</small><span class="username" data-name="AquaticPanic">AquaticPanic</span>:</strong> <em>earl's only weakness</em></div><div class="chat chatmessage-bobsican"><strong style="color:#b30ed8"><small>+</small><span class="username" data-name="Bobsican">Bobsican</span>:</strong> <em>RNG is hilarous right now</em></div><div class="chat chatmessage-aquaticpanic"><strong style="color:#6152ee"><small>~</small><span class="username" data-name="AquaticPanic">AquaticPanic</span>:</strong> <em>hax</em></div><div class="chat chatmessage-earlio2"><strong style="color:#60923a"><small>☆</small><span class="username" data-name="earlio2">earlio2</span>:</strong> <em>I fucking hate this game</em></div><div class="chat chatmessage-eeveegirl1380"><strong style="color:#7b6dd7"><small>+</small><span class="username" data-name="EeveeGirl1380">EeveeGirl1380</span>:</strong> <em>And miscalcing</em></div><div class="chat chatmessage-earlio2"><strong style="color:#60923a"><small>☆</small><span class="username" data-name="earlio2">earlio2</span>:</strong> <em>miscalc is whatever I still lived the 2HKO after leftie</em></div><div class="chat chatmessage-bobsican"><strong style="color:#b30ed8"><small>+</small><span class="username" data-name="Bobsican">Bobsican</span>:</strong> <em>I presume Earl forgot about STAB</em></div><div class="chat chatmessage-tapler"><strong style="color:#b48122"><small>+</small><span class="username" data-name="Tapler ❀">Tapler ❀</span>:</strong> <em>they already confirmed that</em></div><div class="chat chatmessage-eeveegirl1380"><strong style="color:#7b6dd7"><small>+</small><span class="username" data-name="EeveeGirl1380">EeveeGirl1380</span>:</strong> <em>lol</em></div><div class="chat chatmessage-earlio2"><strong style="color:#60923a"><small>☆</small><span class="username" data-name="earlio2">earlio2</span>:</strong> <em>252+ SpA Camerupt-Mega Ice Beam vs. 0 HP / 116 SpD Weezing-Galar: 208-246 (46.9 - 55.5%) -- 17.6% chance to 2HKO after Leftovers recovery</em></div><div class="chat chatmessage-earlio2"><strong style="color:#60923a"><small>☆</small><span class="username" data-name="earlio2">earlio2</span>:</strong> <em>this is the calc now</em></div><div class="spacer battle-history"><br></div><div class="battle-history">earlio2 withdrew ford focus!<br></div><div class="battle-history">earlio2 sent out chevy malibu (<strong>Gossephalon</strong>)!<br></div><div class="spacer battle-history"><br></div><div class="battle-history">Mesflame used <strong>Flamethrower</strong>!<br></div><div class="battle-history"><small>(The opposing chevy malibu lost 40% of its health!)</small><br></div><div class="spacer battle-history"><br></div><h2 class="battle-history">Turn 16</h2><div class="chat chatmessage-eeveegirl1380"><strong style="color:#7b6dd7"><small>+</small><span class="username" data-name="EeveeGirl1380">EeveeGirl1380</span>:</strong> <em>Oh wow I didn’t realize ghat</em></div><div class="spacer battle-history"><br></div><div class="battle-history">Mesflame, come back!<br></div><div class="battle-history">Go! <strong>Buzzeggutor-Alola</strong>!<br></div><div class="chat"><ul class="utilichart"><li class="result"><span class="col pokemonnamecol" style="white-space: nowrap">Buzzeggutor-Alola</span> <span class="col typecol"><img src="https://dragonheaven.herokuapp.com/sprites/types/Dragon.png" alt="Dragon" height="14" width="32"><img src="https://dragonheaven.herokuapp.com/sprites/types/Fighting.png" alt="Fighting" height="14" width="32"></span> <span style="float: left ; min-height: 26px"><span class="col abilitycol">Ultra Scout</span><span class="col abilitycol"></span></span></li><li style="clear: both"></li></ul></div><div class="chat"><ul class="utilichart"><li class="result"><span style="float: left ; min-height: 26px"><span class="col statcol"><em>HP</em><br>101</span> <span class="col statcol"><em>Atk</em><br>127</span> <span class="col statcol"><em>Def</em><br>127</span> <span class="col statcol"><em>SpA</em><br>89</span> <span class="col statcol"><em>SpD</em><br>79</span> <span class="col statcol"><em>Spe</em><br>67</span> </span></li><li style="clear: both"></li></ul></div><div class="battle-history">[Buzzeggutor-Alola's Ultra Scout]<br></div><div class="battle-history"><small>chevy malibu is most proficient in Special Attack!</small><br></div><div class="spacer battle-history"><br></div><div class="battle-history">The opposing chevy malibu used <strong>Flamethrower</strong>!<br></div><div class="battle-history"><small>It's not very effective...</small><br></div><div class="battle-history"><small>(Buzzeggutor-Alola lost 34% of its health!)</small><br></div><div class="spacer battle-history"><br></div><div class="battle-history"><small>Buzzeggutor-Alola restored a little HP using its Leftovers!</small><br></div><div class="spacer battle-history"><br></div><h2 class="battle-history">Turn 17</h2><div class="spacer battle-history"><br></div><div class="battle-history">earlio2 withdrew chevy malibu!<br></div><div class="battle-history">earlio2 sent out toyota prius (<strong>Corveot-Mega</strong>)!<br></div><div class="spacer battle-history"><br></div><div class="battle-history">Buzzeggutor-Alola used <strong>Trick Room</strong>!<br></div><div class="battle-history"><small>Buzzeggutor-Alola twisted the dimensions!</small><br></div><div class="spacer battle-history"><br></div><div class="battle-history"><small>Buzzeggutor-Alola restored a little HP using its Leftovers!</small><br></div><div class="spacer battle-history"><br></div><h2 class="battle-history">Turn 18</h2><div class="spacer battle-history"><br></div><div class="battle-history">Buzzeggutor-Alola, come back!<br></div><div class="battle-history">Go! <strong>Porygrigus</strong>!<br></div><div class="chat"><ul class="utilichart"><li class="result"><span class="col pokemonnamecol" style="white-space: nowrap">Porygrigus</span> <span class="col typecol"><img src="https://dragonheaven.herokuapp.com/sprites/types/Normal.png" alt="Normal" height="14" width="32"><img src="https://dragonheaven.herokuapp.com/sprites/types/Ghost.png" alt="Ghost" height="14" width="32"></span> <span style="float: left ; min-height: 26px"><span class="col abilitycol">Pillage</span><span class="col abilitycol"></span></span></li><li style="clear: both"></li></ul></div><div class="chat"><ul class="utilichart"><li class="result"><span style="float: left ; min-height: 26px"><span class="col statcol"><em>HP</em><br>71</span> <span class="col statcol"><em>Atk</em><br>65</span> <span class="col statcol"><em>Def</em><br>130</span> <span class="col statcol"><em>SpA</em><br>108</span> <span class="col statcol"><em>SpD</em><br>100</span> <span class="col statcol"><em>Spe</em><br>45</span> </span></li><li style="clear: both"></li></ul></div><div class="battle-history">[Porygrigus's Pillage]<br></div><div class="battle-history"><small>Porygrigus swapped Abilities with its target!</small><br></div><div class="battle-history">[Porygrigus's No Guard]<br></div><div class="battle-history">[The opposing toyota prius's Pillage]<br></div><div class="spacer battle-history"><br></div><div class="battle-history">The opposing toyota prius used <strong>Hurricane</strong>!<br></div><div class="battle-history"><small>(Porygrigus lost 33% of its health!)</small><br></div><div class="battle-history"><small>Porygrigus became confused!</small><br></div><div class="spacer battle-history"><br></div><div class="battle-history"><small>Porygrigus restored a little HP using its Leftovers!</small><br></div><div class="spacer battle-history"><br></div><h2 class="battle-history">Turn 19</h2><div class="spacer battle-history"><br></div><div class="battle-history">The opposing toyota prius used <strong>U-turn</strong>!<br></div><div class="battle-history"><small>It's not very effective...</small><br></div><div class="battle-history"><small>(Porygrigus lost 5% of its health!)</small><br></div><div class="spacer battle-history"><br></div><div class="battle-history">The opposing toyota prius went back to earlio2!<br></div><div class="battle-history">earlio2 sent out honda odyssey (<strong>Ninelands-Alola</strong>)!<br></div><div class="chat"><ul class="utilichart"><li class="result"><span class="col pokemonnamecol" style="white-space: nowrap">Ninelands-Alola</span> <span class="col typecol"><img src="https://dragonheaven.herokuapp.com/sprites/types/Ice.png" alt="Ice" height="14" width="32"><img src="https://dragonheaven.herokuapp.com/sprites/types/Flying.png" alt="Flying" height="14" width="32"></span> <span style="float: left ; min-height: 26px"><span class="col abilitycol">Snow Globe</span><span class="col abilitycol"></span></span></li><li style="clear: both"></li></ul></div><div class="chat"><ul class="utilichart"><li class="result"><span style="float: left ; min-height: 26px"><span class="col statcol"><em>HP</em><br>87</span> <span class="col statcol"><em>Atk</em><br>110</span> <span class="col statcol"><em>Def</em><br>90</span> <span class="col statcol"><em>SpA</em><br>110</span> <span class="col statcol"><em>SpD</em><br>90</span> <span class="col statcol"><em>Spe</em><br>105</span> </span></li><li style="clear: both"></li></ul></div><div class="battle-history">[The opposing honda odyssey's Snow Globe]<br><small>It started to hail!</small><br></div><div class="spacer battle-history"><br></div><div class="battle-history"><small>Porygrigus is confused!</small><br></div><div class="battle-history">It hurt itself in its confusion!<br></div><div class="spacer battle-history"><br></div><div class="battle-history"><small>(The hail is crashing down.)</small><br></div><div class="battle-history"><small>Porygrigus is buffeted by the hail!</small><br></div><div class="battle-history"><small>Porygrigus restored a little HP using its Leftovers!</small><br></div><div class="spacer battle-history"><br></div><h2 class="battle-history">Turn 20</h2><div class="spacer battle-history"><br></div><div class="battle-history">The opposing honda odyssey used <strong>Blizzard</strong>!<br></div><div class="battle-history"><small>(Porygrigus lost 38% of its health!)</small><br></div><div class="spacer battle-history"><br></div><div class="battle-history"><small>Porygrigus is confused!</small><br></div><div class="battle-history">Porygrigus used <strong>Teleport</strong>!<br></div><div class="spacer battle-history"><br></div><div class="battle-history">Porygrigus, come back!<br></div><div class="battle-history">Go! Avarupt (<strong>Avarupt-Mega</strong>)!<br></div><div class="spacer battle-history"><br></div><div class="battle-history"><small>(The hail is crashing down.)</small><br></div><div class="spacer battle-history"><br></div><h2 class="battle-history">Turn 21</h2><div class="spacer battle-history"><br></div><div class="battle-history">earlio2 withdrew honda odyssey!<br></div><div class="battle-history">earlio2 sent out ford focus (<strong>Weezlord-Galar</strong>)!<br></div><div class="spacer battle-history"><br></div><div class="battle-history">Avarupt used <strong>Fire Blast</strong>!<br></div><div class="battle-history"><small>(The opposing ford focus lost 3% of its health!)</small><br></div><div class="spacer battle-history"><br></div><div class="battle-history">The opposing ford focus fainted!<br></div><div class="spacer battle-history"><br></div><div class="battle-history"><small>(The hail is crashing down.)</small><br></div><div class="battle-history"><small>The twisted dimensions returned to normal!</small><br></div><div class="spacer battle-history"><br></div><div class="battle-history">earlio2 sent out chevy malibu (<strong>Gossephalon</strong>)!<br></div><div class="spacer battle-history"><br></div><h2 class="battle-history">Turn 22</h2><div class="chat"><small>+EeveeGirl1380 left</small></div><div class="spacer battle-history"><br></div><div class="battle-history">Avarupt, come back!<br></div><div class="battle-history">Go! <strong>Buzzeggutor-Alola</strong>!<br></div><div class="battle-history">[Buzzeggutor-Alola's Ultra Scout]<br></div><div class="battle-history"><small>chevy malibu is most proficient in Special Attack!</small><br></div><div class="spacer battle-history"><br></div><div class="battle-history">The opposing chevy malibu used <strong>Mind Blown</strong>!<br></div><div class="battle-history"><small>It's not very effective...</small><br></div><div class="battle-history"><small>(Buzzeggutor-Alola lost 54% of its health!)</small><br></div><div class="battle-history"><small>(The opposing chevy malibu cut its own HP to power up its move!)</small><br></div><div class="spacer battle-history"><br></div><div class="battle-history"><small>(The hail is crashing down.)</small><br></div><div class="battle-history"><small>The opposing chevy malibu is buffeted by the hail!</small><br></div><div class="battle-history"><small>Buzzeggutor-Alola is buffeted by the hail!</small><br></div><div class="battle-history"><small>Buzzeggutor-Alola restored a little HP using its Leftovers!</small><br></div><div class="spacer battle-history"><br></div><h2 class="battle-history">Turn 23</h2><div class="chat"><small>+moretto left</small></div><div class="spacer battle-history"><br></div><div class="battle-history">Buzzeggutor-Alola, come back!<br></div><div class="battle-history">Go! <strong>Porygrigus</strong>!<br></div><div class="battle-history">[Porygrigus's Pillage]<br></div><div class="battle-history"><small>Porygrigus swapped Abilities with its target!</small><br></div><div class="battle-history">[Porygrigus's Ultra Health]<br></div><div class="battle-history">[The opposing chevy malibu's Pillage]<br></div><div class="spacer battle-history"><br></div><div class="battle-history">The opposing chevy malibu used <strong>Mind Blown</strong>!<br></div><div class="battle-history"><small>(Porygrigus lost 26% of its health!)</small><br></div><div class="battle-history"><small>(The opposing chevy malibu cut its own HP to power up its move!)</small><br></div><div class="spacer battle-history"><br></div><div class="battle-history">The opposing chevy malibu fainted!<br></div><div class="battle-history">Porygrigus fainted!<br></div><div class="spacer battle-history"><br></div><div class="battle-history"><small>(The hail is crashing down.)</small><br></div><div class="spacer battle-history"><br></div><div class="battle-history">earlio2 sent out nissan pulsar (<strong>Arctovic</strong>)!<br></div><div class="spacer battle-history"><br></div><div class="battle-history">Go! Avarupt (<strong>Avarupt-Mega</strong>)!<br></div><div class="spacer battle-history"><br></div><h2 class="battle-history">Turn 24</h2><div class="spacer battle-history"><br></div><div class="battle-history">The opposing nissan pulsar used <strong>Power Whip</strong>!<br></div><div class="battle-history"><small>Avarupt avoided the attack!</small><br></div><div class="spacer battle-history"><br></div><div class="battle-history">Avarupt used <strong>Fire Blast</strong>!<br></div><div class="battle-history"><small>It's super effective!</small><br></div><div class="battle-history"><small>(The opposing nissan pulsar lost 76% of its health!)</small><br></div><div class="spacer battle-history"><br></div><div class="battle-history">The opposing nissan pulsar fainted!<br></div><div class="spacer battle-history"><br></div><div class="battle-history"><small>(The hail is crashing down.)</small><br></div><div class="chat chatmessage-earlio2"><strong style="color:#60923a"><small>☆</small><span class="username" data-name="earlio2">earlio2</span>:</strong> <em>ughhhhh</em></div><div class="chat chatmessage-bobsican"><strong style="color:#b30ed8"><small>+</small><span class="username" data-name="Bobsican">Bobsican</span>:</strong> <em>RNG meta</em></div><div class="chat chatmessage-tapler"><strong style="color:#b48122"><small>+</small><span class="username" data-name="Tapler ❀">Tapler ❀</span>:</strong> <em>aaaaa</em></div><div class="chat chatmessage-isocon"><strong style="color:#616adf"><small>☆</small><span class="username" data-name="isocon">isocon</span>:</strong> <em>god im so sorry about all of this jesus christ</em></div><div class="chat chatmessage-earlio2"><strong style="color:#60923a"><small>☆</small><span class="username" data-name="earlio2">earlio2</span>:</strong> <em>literally</em></div><div class="chat chatmessage-earlio2"><strong style="color:#60923a"><small>☆</small><span class="username" data-name="earlio2">earlio2</span>:</strong> <em>god</em></div><div class="chat chatmessage-earlio2"><strong style="color:#60923a"><small>☆</small><span class="username" data-name="earlio2">earlio2</span>:</strong> <em>I hate this </em></div><div class="chat chatmessage-earlio2"><strong style="color:#60923a"><small>☆</small><span class="username" data-name="earlio2">earlio2</span>:</strong> <em>and the first blast hits</em></div><div class="chat chatmessage-earlio2"><strong style="color:#60923a"><small>☆</small><span class="username" data-name="earlio2">earlio2</span>:</strong> <em>splendid</em></div><div class="spacer battle-history"><br></div><div class="battle-history">earlio2 sent out honda odyssey (<strong>Ninelands-Alola</strong>)!<br></div><div class="spacer battle-history"><br></div><h2 class="battle-history">Turn 25</h2><div class="chat"><small>+moretto joined</small></div><div class="spacer battle-history"><br></div><div class="battle-history">Avarupt, come back!<br></div><div class="battle-history">Go! <strong>Buzzeggutor-Alola</strong>!<br></div><div class="battle-history">[Buzzeggutor-Alola's Ultra Scout]<br></div><div class="battle-history"><small>honda odyssey is most proficient in Speed!</small><br></div><div class="spacer battle-history"><br></div><div class="battle-history">The opposing honda odyssey used <strong>Blizzard</strong>!<br></div><div class="battle-history"><small>It's super effective!</small><br></div><div class="battle-history"><small>(Buzzeggutor-Alola lost 24% of its health!)</small><br></div><div class="spacer battle-history"><br></div><div class="battle-history">Buzzeggutor-Alola fainted!<br></div><div class="spacer battle-history"><br></div><div class="battle-history"><small>(The hail is crashing down.)</small><br></div><div class="spacer battle-history"><br></div><div class="battle-history">Go! <strong>Mesflame</strong>!<br></div><div class="spacer battle-history"><br></div><h2 class="battle-history">Turn 26</h2><div class="spacer battle-history"><br></div><div class="battle-history">The opposing honda odyssey used <strong>Blizzard</strong>!<br></div><div class="battle-history"><small>It's not very effective...</small><br></div><div class="battle-history"><small>(Mesflame lost 16% of its health!)</small><br></div><div class="spacer battle-history"><br></div><div class="battle-history">Mesflame used <strong>Roost</strong>!<br></div><div class="battle-history"><small>Mesflame had its HP restored.</small><br></div><div class="spacer battle-history"><br></div><div class="battle-history"><small>The hail stopped.</small><br></div><div class="spacer battle-history"><br></div><h2 class="battle-history">Turn 27</h2><div class="spacer battle-history"><br></div><div class="battle-history">The opposing honda odyssey used <strong>Encore</strong>!<br></div><div class="battle-history"><small>Mesflame must do an encore!</small><br></div><div class="spacer battle-history"><br></div><div class="battle-history">Mesflame used <strong>Roost</strong>!<br></div><div class="battle-history"><small>Mesflame had its HP restored.</small><br></div><div class="spacer battle-history"><br></div><h2 class="battle-history">Turn 28</h2><div class="spacer battle-history"><br></div><div class="battle-history">The opposing honda odyssey used <strong>Nasty Plot</strong>!<br></div><div class="battle-history"><small>The opposing honda odyssey's Sp. Atk rose sharply!</small><br></div><div class="spacer battle-history"><br></div><div class="battle-history">Mesflame used <strong>Roost</strong>!<br></div><div class="battle-history"><small>Mesflame's HP is full!</small><br></div><div class="spacer battle-history"><br></div><h2 class="battle-history">Turn 29</h2><div class="chat chatmessage-tapler"><strong style="color:#b48122"><small>+</small><span class="username" data-name="Tapler ❀">Tapler ❀</span>:</strong> <em>yooo</em></div><div class="spacer battle-history"><br></div><div class="battle-history">Mesflame, come back!<br></div><div class="battle-history">Go! Avarupt (<strong>Avarupt-Mega</strong>)!<br></div><div class="spacer battle-history"><br></div><div class="battle-history">The opposing honda odyssey used <strong>Nasty Plot</strong>!<br></div><div class="battle-history"><small>The opposing honda odyssey's Sp. Atk rose sharply!</small><br></div><div class="spacer battle-history"><br></div><h2 class="battle-history">Turn 30</h2><div class="chat chatmessage-aquaticpanic"><strong style="color:#6152ee"><small>~</small><span class="username" data-name="AquaticPanic">AquaticPanic</span>:</strong> <em>baller</em></div><div class="spacer battle-history"><br></div><div class="battle-history">Avarupt, come back!<br></div><div class="battle-history">Go! <strong>Mesflame</strong>!<br></div><div class="spacer battle-history"><br></div><div class="battle-history">The opposing honda odyssey used <strong>Earth Power</strong>!<br></div><div class="battle-history">[Mesflame's Leviflame]<br><small>It doesn't affect Mesflame...</small><br></div><div class="spacer battle-history"><br></div><h2 class="battle-history">Turn 31</h2><div class="spacer battle-history"><br></div><div class="battle-history">The opposing honda odyssey used <strong>Blizzard</strong>!<br></div><div class="battle-history"><small>It's not very effective...</small><br></div><div class="battle-history"><small>(Mesflame lost 46% of its health!)</small><br></div><div class="spacer battle-history"><br></div><div class="battle-history">Mesflame used <strong>Trick Room</strong>!<br></div><div class="battle-history"><small>Mesflame twisted the dimensions!</small><br></div><div class="spacer battle-history"><br></div><h2 class="battle-history">Turn 32</h2><div class="spacer battle-history"><br></div><div class="battle-history">Mesflame used <strong>Flamethrower</strong>!<br></div><div class="battle-history"><small>It's super effective!</small><br></div><div class="battle-history"><small>(The opposing honda odyssey lost 66% of its health!)</small><br></div><div class="spacer battle-history"><br></div><div class="battle-history">The opposing honda odyssey used <strong>Blizzard</strong>!<br></div><div class="battle-history"><small>It's not very effective...</small><br></div><div class="battle-history"><small>(Mesflame lost 51% of its health!)</small><br></div><div class="spacer battle-history"><br></div><h2 class="battle-history">Turn 33</h2><div class="chat"><small> SparkRolf joined</small></div><div class="spacer battle-history"><br></div><div class="battle-history">Mesflame used <strong>Flamethrower</strong>!<br></div><div class="battle-history"><small>It's super effective!</small><br></div><div class="battle-history"><small>(The opposing honda odyssey lost 34% of its health!)</small><br></div><div class="spacer battle-history"><br></div><div class="battle-history">The opposing honda odyssey fainted!<br></div><div class="spacer battle-history"><br></div><div class="battle-history">earlio2 sent out toyota prius (<strong>Corveot-Mega</strong>)!<br></div><div class="spacer battle-history"><br></div><h2 class="battle-history">Turn 34</h2><div class="chat chatmessage-tapler"><strong style="color:#b48122"><small>+</small><span class="username" data-name="Tapler ❀">Tapler ❀</span>:</strong> <em>man this was a fucked match</em></div><div class="chat"><small>+EeveeGirl1380 joined;  SparkRolf left</small></div><div class="spacer battle-history"><br></div><div class="battle-history">Mesflame used <strong>Roost</strong>!<br></div><div class="battle-history"><small>Mesflame had its HP restored.</small><br></div><div class="spacer battle-history"><br></div><div class="battle-history">The opposing toyota prius used <strong>Roost</strong>!<br></div><div class="battle-history"><small>The opposing toyota prius had its HP restored.</small><br></div><div class="battle-history"><small>(The opposing toyota prius loses Flying type this turn.)</small><br></div><div class="spacer battle-history"><br></div><h2 class="battle-history">Turn 35</h2><div class="spacer battle-history"><br></div><div class="battle-history">Mesflame used <strong>Roost</strong>!<br></div><div class="battle-history"><small>Mesflame had its HP restored.</small><br></div><div class="spacer battle-history"><br></div><div class="battle-history">The opposing toyota prius used <strong>Hurricane</strong>!<br></div><div class="battle-history"><small>(Mesflame lost 32% of its health!)</small><br></div><div class="battle-history"><small>Mesflame became confused!</small><br></div><div class="spacer battle-history"><br></div><div class="battle-history"><small>The twisted dimensions returned to normal!</small><br></div><div class="spacer battle-history"><br></div><h2 class="battle-history">Turn 36</h2><div class="chat chatmessage-eeveegirl1380"><strong style="color:#7b6dd7"><small>+</small><span class="username" data-name="EeveeGirl1380">EeveeGirl1380</span>:</strong> <em>The freeze kinda whacked it up</em></div><div class="spacer battle-history"><br></div><div class="battle-history">The opposing toyota prius used <strong>Hurricane</strong>!<br></div><div class="battle-history"><small>A critical hit!</small><br></div><div class="battle-history"><small>(Mesflame lost 50% of its health!)</small><br></div><div class="spacer battle-history"><br></div><div class="battle-history"><small>Mesflame is confused!</small><br></div><div class="battle-history">It hurt itself in its confusion!<br></div><div class="spacer battle-history"><br></div><h2 class="battle-history">Turn 37</h2><div class="chat chatmessage-tapler"><strong style="color:#b48122"><small>+</small><span class="username" data-name="Tapler ❀">Tapler ❀</span>:</strong> <em>yooo</em></div><div class="chat chatmessage-earlio2"><strong style="color:#60923a"><small>☆</small><span class="username" data-name="earlio2">earlio2</span>:</strong> <em>ayo</em></div><div class="chat chatmessage-moretto"><strong style="color:#c82f9f"><small>+</small><span class="username" data-name="moretto">moretto</span>:</strong> <em>YO</em></div><div class="chat chatmessage-gekokeso"><strong style="color:#9b940e"><small>+</small><span class="username" data-name="Gekokeso">Gekokeso</span>:</strong> <em>wait</em></div><div class="chat chatmessage-moretto"><strong style="color:#c82f9f"><small>+</small><span class="username" data-name="moretto">moretto</span>:</strong> <em>FINALLY</em></div><div class="chat chatmessage-regicboat"><strong style="color:#7732e7"><small>+</small><span class="username" data-name="regic boat">regic boat</span>:</strong> <em>yo???</em></div><div class="chat chatmessage-eeveegirl1380"><strong style="color:#7b6dd7"><small>+</small><span class="username" data-name="EeveeGirl1380">EeveeGirl1380</span>:</strong> <em>AYO?!??</em></div><div class="chat chatmessage-analysisgeek"><strong style="color:#3e7fb9"><small>+</small><span class="username" data-name="Analysis geek">Analysis geek</span>:</strong> <em>Let's go</em></div><div class="chat chatmessage-anaconja"><strong style="color:#9d24d6"><small>+</small><span class="username" data-name="anaconja">anaconja</span>:</strong> <em>poetic justice</em></div><div class="chat chatmessage-aquaticpanic"><strong style="color:#6152ee"><small>~</small><span class="username" data-name="AquaticPanic">AquaticPanic</span>:</strong> <em>bird</em></div><div class="chat chatmessage-bobsican"><strong style="color:#b30ed8"><small>+</small><span class="username" data-name="Bobsican">Bobsican</span>:</strong> <em>:eyes:</em></div><div class="spacer battle-history"><br></div><div class="battle-history">The opposing toyota prius used <strong>Hurricane</strong>!<br></div><div class="battle-history"><small>(Mesflame lost 12% of its health!)</small><br></div><div class="spacer battle-history"><br></div><div class="battle-history">Mesflame fainted!<br></div><div class="spacer battle-history"><br></div><div class="battle-history">Go! Avarupt (<strong>Avarupt-Mega</strong>)!<br></div><div class="spacer battle-history"><br></div><h2 class="battle-history">Turn 38</h2><div class="chat chatmessage-eeveegirl1380"><strong style="color:#7b6dd7"><small>+</small><span class="username" data-name="EeveeGirl1380">EeveeGirl1380</span>:</strong> <em>Gonna be close</em></div><div class="chat chatmessage-isocon"><strong style="color:#616adf"><small>☆</small><span class="username" data-name="isocon">isocon</span>:</strong> <em>dont have steel beam please</em></div><div class="spacer battle-history"><br></div><div class="battle-history">The opposing toyota prius used <strong>Heat Wave</strong>!<br></div><div class="battle-history"><small>It's super effective!</small><br></div><div class="battle-history"><small>(Avarupt lost 55% of its health!)</small><br></div><div class="battle-history"><small>Avarupt was burned!</small><br></div><div class="spacer battle-history"><br></div><div class="battle-history">Avarupt used <strong>Fire Blast</strong>!<br></div><div class="battle-history"><small>It's super effective!</small><br></div><div class="battle-history"><small>A critical hit!</small><br></div><div class="battle-history"><small>(The opposing toyota prius lost 100% of its health!)</small><br></div><div class="spacer battle-history"><br></div><div class="battle-history">The opposing toyota prius fainted!<br></div><div class="spacer battle-history"><br></div><div class="battle-history"><strong>isocon</strong> won the battle!<br></div><div class="chat chatmessage-earlio2"><strong style="color:#60923a"><small>☆</small><span class="username" data-name="earlio2">earlio2</span>:</strong> <em>no</em></div><div class="chat chatmessage-isocon"><strong style="color:#616adf"><small>☆</small><span class="username" data-name="isocon">isocon</span>:</strong> <em>did that matter</em></div><div class="chat chatmessage-tapler"><strong style="color:#b48122"><small>+</small><span class="username" data-name="Tapler ❀">Tapler ❀</span>:</strong> <em>noo</em></div><div class="chat chatmessage-eeveegirl1380"><strong style="color:#7b6dd7"><small>+</small><span class="username" data-name="EeveeGirl1380">EeveeGirl1380</span>:</strong> <em>Oh my gosh</em></div><div class="chat chatmessage-tapler"><strong style="color:#b48122"><small>+</small><span class="username" data-name="Tapler ❀">Tapler ❀</span>:</strong> <em>was praying for the miss</em></div><div class="chat chatmessage-aquaticpanic"><strong style="color:#6152ee"><small>~</small><span class="username" data-name="AquaticPanic">AquaticPanic</span>:</strong> <em>did that matter</em></div><div class="chat chatmessage-eeveegirl1380"><strong style="color:#7b6dd7"><small>+</small><span class="username" data-name="EeveeGirl1380">EeveeGirl1380</span>:</strong> <em>i Think that did</em></div><div class="chat chatmessage-moretto"><strong style="color:#c82f9f"><small>+</small><span class="username" data-name="moretto">moretto</span>:</strong> <em>ugh</em></div><div class="chat chatmessage-isocon"><strong style="color:#616adf"><small>☆</small><span class="username" data-name="isocon">isocon</span>:</strong> <em>it didnt right</em></div><div class="chat chatmessage-isocon"><strong style="color:#616adf"><small>☆</small><span class="username" data-name="isocon">isocon</span>:</strong> <em>if it did</em></div><div class="chat chatmessage-eeveegirl1380"><strong style="color:#7b6dd7"><small>+</small><span class="username" data-name="EeveeGirl1380">EeveeGirl1380</span>:</strong> <em>It couldn’t miss</em></div><div class="chat chatmessage-bobsican"><strong style="color:#b30ed8"><small>+</small><span class="username" data-name="Bobsican">Bobsican</span>:</strong> <em>Fun fact, Flash Cannon had a 6.3% chance to OHKO</em></div><div class="chat chatmessage-eeveegirl1380"><strong style="color:#7b6dd7"><small>+</small><span class="username" data-name="EeveeGirl1380">EeveeGirl1380</span>:</strong> <em>no guard </em></div><div class="chat chatmessage-earlio2"><strong style="color:#60923a"><small>☆</small><span class="username" data-name="earlio2">earlio2</span>:</strong> <em>eh it was a roll in favor</em></div><div class="chat chatmessage-isocon"><strong style="color:#616adf"><small>☆</small><span class="username" data-name="isocon">isocon</span>:</strong> <em>oh my god</em></div><div class="chat chatmessage-aquaticpanic"><strong style="color:#6152ee"><small>~</small><span class="username" data-name="AquaticPanic">AquaticPanic</span>:</strong> <em>tapler how would it miss lol</em></div><div class="chat chatmessage-earlio2"><strong style="color:#60923a"><small>☆</small><span class="username" data-name="earlio2">earlio2</span>:</strong> <em>0 SpA Corviknight Heat Wave vs. 252 HP / 0 SpD Camerupt-Mega: 194-230 (47.5 - 56.3%) -- 84.4% chance to 2HKO</em></div><div class="chat chatmessage-tapler"><strong style="color:#b48122"><small>+</small><span class="username" data-name="Tapler ❀">Tapler ❀</span>:</strong> <em>fire blast</em></div><div class="chat chatmessage-earlio2"><strong style="color:#60923a"><small>☆</small><span class="username" data-name="earlio2">earlio2</span>:</strong> <em>shouldve hurricaned</em></div><div class="chat chatmessage-earlio2"><strong style="color:#60923a"><small>☆</small><span class="username" data-name="earlio2">earlio2</span>:</strong> <em>Im gonna</em></div><div class="chat chatmessage-eeveegirl1380"><strong style="color:#7b6dd7"><small>+</small><span class="username" data-name="EeveeGirl1380">EeveeGirl1380</span>:</strong> <em>Actually crazy</em></div><div class="chat chatmessage-earlio2"><strong style="color:#60923a"><small>☆</small><span class="username" data-name="earlio2">earlio2</span>:</strong> <em>fucking quit this game</em></div><div class="chat chatmessage-aquaticpanic"><strong style="color:#6152ee"><small>~</small><span class="username" data-name="AquaticPanic">AquaticPanic</span>:</strong> <em>no guard goes both ways tapler</em></div><div class="chat chatmessage-tapler"><strong style="color:#b48122"><small>+</small><span class="username" data-name="Tapler ❀">Tapler ❀</span>:</strong> <em>oh wait right</em></div><div class="chat chatmessage-earlio2"><strong style="color:#60923a"><small>☆</small><span class="username" data-name="earlio2">earlio2</span>:</strong> <em>sure I haxed too but like</em></div><div class="chat chatmessage-tapler"><strong style="color:#b48122"><small>+</small><span class="username" data-name="Tapler ❀">Tapler ❀</span>:</strong> <em>shhh</em></div><div class="chat chatmessage-earlio2"><strong style="color:#60923a"><small>☆</small><span class="username" data-name="earlio2">earlio2</span>:</strong> <em>the power whip miss</em></div><div class="chat chatmessage-anaconja"><strong style="color:#9d24d6"><small>+</small><span class="username" data-name="anaconja">anaconja</span>:</strong> <em>roughly 39.6% to hax if you use hurricane</em></div><div class="chat chatmessage-earlio2"><strong style="color:#60923a"><small>☆</small><span class="username" data-name="earlio2">earlio2</span>:</strong> <em>the freeze?</em></div><div class="chat chatmessage-earlio2"><strong style="color:#60923a"><small>☆</small><span class="username" data-name="earlio2">earlio2</span>:</strong> <em>I despise this</em></div><div class="chat chatmessage-gekokeso"><strong style="color:#9b940e"><small>+</small><span class="username" data-name="Gekokeso">Gekokeso</span>:</strong> <em>jokerfication manicunos</em></div><div class="chat chatmessage-isocon"><strong style="color:#616adf"><small>☆</small><span class="username" data-name="isocon">isocon</span>:</strong> <em>i wont bother saying gg that was the dumbest fucking match</em></div><div class="chat chatmessage-earlio2"><strong style="color:#60923a"><small>☆</small><span class="username" data-name="earlio2">earlio2</span>:</strong> <em>no gg</em></div><div class="chat chatmessage-eeveegirl1380"><strong style="color:#7b6dd7"><small>+</small><span class="username" data-name="EeveeGirl1380">EeveeGirl1380</span>:</strong> <em>That was wild</em></div><div class="chat chatmessage-anaconja"><strong style="color:#9d24d6"><small>+</small><span class="username" data-name="anaconja">anaconja</span>:</strong> <em>mfa players relying on hax to win? more likely than you think</em></div><div class="chat chatmessage-earlio2"><strong style="color:#60923a"><small>☆</small><span class="username" data-name="earlio2">earlio2</span>:</strong> <em>literally nothing about this game was determined by skill</em></div></div><div class="inner-preempt message-log"></div></div></div>
</div>
<script>
let daily = Math.floor(Date.now()/1000/60/60/24);document.write('<script src="https://dragonheaven.herokuapp.com/js/replay-embed.js?version'+daily+'"></'+'script>');
</script>
